4372 5782
934 386 1188 454 „2-

375 568 577 652 veritatem,
614 587 677 653 ego
697 577 814 632 tamen
837 554 1087 656 in'praeclaris
1112 569 1208 635 hisce
1224 562 1405 631 Cleanthis
1433 562 1596 649 reliquiis
1619 580 1785 636 accurate

376 689 596 781 explicandis
626 689 694 754 hoc
724 691 822 755 crisis
850 712 976 776 genere
1003 713 1059 757 me
1080 688 1304 778 supersedere
1327 707 1429 772 posse
1449 698 1670 772 putaveram.
1714 694 1785 758 Sed

376 814 517 900 accidit,
533 825 574 879 ut
595 813 637 879 nb
661 813 773 879 amico
797 815 947 898 quodam
968 838 1106 882 mecum
1127 809 1661 907 communicareturRepcrtorii
1681 815 1782 906 Lips.

376 942 545 1007 volumen
566 938 624 1004 ΙΠ.
647 937 730 1002 anni
754 950 847 1016 1819,
869 940 930 1005 ubi
948 941 986 1006 in
1008 939 1219 1006 recensenda
1239 936 1384 1003 Sebodii
1405 936 1629 1004 Bibliotheca
1644 940 1781 1006 Critica

376 1066 420 1131 de
450 1062 746 1130 commentatione
776 1064 894 1130 nescio
924 1067 1023 1131 cuius
1043 1063 1150 1130 K-i
1175 1062 1245 1128 hoc
1272 1062 1392 1148 ipsum
1421 1075 1666 1149 argumentum
1688 1076 1783 1132 trac-

375 1199 473 1254 tante
499 1212 534 1275 p.
554 1195 618 1260 417
645 1187 731 1253 haec
761 1187 1009 1273 proferuntur:
1054 1190 1204 1272 „Zaerst
1232 1189 1310 1252 sind
1334 1189 1387 1253 die
1419 1188 1559 1254 Griiade
1583 1210 1781 1256 zusamme-

373 1315 516 1404 gestellt,
539 1335 662 1377 warum
685 1312 835 1376 Kleontlr
858 1314 950 1377 nicht
961 1314 1031 1399 sair
1053 1314 1298 1397 denVerfusser
1316 1315 1469 1403 geleiten
1489 1316 1617 1381 woden
1639 1317 1781 1383 kinuel‘

377 1439 478 1525 Quae
485 1439 591 1504 verba
601 1460 681 1503 curn
695 1458 770 1501 rem
782 1437 940 1523 siminus
947 1435 1120 1522 decidere,
1129 1435 1271 1502 dubiam
1280 1448 1396 1503 tamen
1404 1438 1546 1508 reddere
1555 1441 1775 1528 viderentur,

381 1538 539 1630 animum
560 1583 676 1627 meum
693 1560 872 1626 Cleanthis
895 1561 1128 1627 admiratione
1150 1572 1360 1650 occupatum
1382 1574 1418 1627 et
1438 1564 1609 1651 singulari
1631 1566 1782 1651 quadam

376 1686 471 1754 inter
502 1686 579 1754 eius
608 1706 723 1752 mores
754 1696 789 1750 et
816 1683 926 1750 libros
957 1685 1188 1772 congruentia
1227 1674 1434 1774 gaudentem
1462 1687 1554 1750 mira
1585 1685 1780 1754 affecerunt

376 1811 615 1900 aegritudine:
662 1822 697 1875 at
718 1810 793 1894 ipsa
815 1809 957 1895 quidem
979 1812 1277 1878 commentatione
1298 1809 1508 1900 perlegenda
1536 1811 1648 1877 enimi
1675 1814 1780 1879 resti·

377 1947 455 2001 tuta
484 1946 535 2000 est
563 1933 730 2020 aequitas.
774 1931 914 2017 Quibus
943 1934 1039 1999 enim
1070 1938 1287 2023 argumentis
1309 1934 1355 2000 Kt
1378 1956 1452 1999 non
1485 1935 1679 2020 genuinum
1707 1959 1779 2004 esse

375 2059 549 2149 hymnum
569 2057 736 2145 probasse
756 2055 824 2120 sibi
845 2055 1008 2143 videtur,
1030 2077 1070 2124 ea
1090 2080 1126 2126 se
1147 2060 1303 2126 invicem
1324 2060 1374 2124 ita
1394 2059 1548 2142 tollunt,
1571 2072 1611 2125 ut
1632 2062 1726 2141 inter
1741 2084 1779 2127 se

377 2184 525 2264 collata,
562 2179 659 2269 qnod
686 2191 787 2247 antea
814 2178 888 2248 viri
917 2179 1014 2245 docti
1034 2180 1077 2246 de
1098 2180 1204 2247 huius
1226 2183 1391 2251 carminis
1421 2183 1559 2272 origine
1578 2196 1776 2260 senserunt,

377 2306 487 2374 etiam
503 2304 685 2372 affirment.

583 2428 751 2519 Hymnus
773 2427 835 2496 ille
855 2427 1071 2519 praeclarus,
1093 2450 1198 2518 quem
1218 2430 1312 2519 dixi,
1342 2435 1438 2501 inter
1458 2432 1621 2523 Physicas
1643 2434 1780 2520 legitur

374 2553 544 2622 bbannie
561 2554 703 2623 Stobaei
724 2548 873 2642 Eologas
894 2557 946 2625 ed.
987 2556 1141 2622 Haeren.
1162 2577 1199 2644 p.
1220 2567 1275 2642 30,
1296 2558 1440 2623 nomine
1462 2555 1639 2645 adscripto
1651 2555 1781 2622 Clenn-

375 2678 460 2765 thia,
483 2702 588 2766 quem
609 2703 681 2748 esse
702 2679 873 2767 Stoicum,
894 2680 1045 2748 Zenonis
1066 2680 1295 2792 discipulum,
1317 2701 1398 2745 cum
1419 2690 1521 2744 antea
1549 2701 1652 2746 nemo
1675 2680 1780 2746 dubi·

376 2814 494 2890 asset,
514 2803 560 2873 K
583 2816 704 2873 noster
723 2805 871 2872 omnino
892 2804 1046 2890 negavit.
1094 2803 1536 2892 Primum-argumentum,
1558 2825 1628 2892 quo
1650 2805 1781 2871 addac-

376 2941 433 2996 tue
454 2928 512 2995 illi
532 2922 674 2997 carmen
693 2932 762 2998 hoc
789 2928 879 2998 falso
902 2929 1051 2999 adscribi
1072 2926 1236 3017 eredidit,
1265 2931 1305 2996 in
1332 2954 1374 2997 eo
1394 2931 1512 3022 ponit,
1542 2930 1637 3018 quod
1663 2952 1779 3018 neque

373 3053 555 3142 Diogenes
576 3052 739 3121 Lairtius
760 3055 835 3123 eius
856 3053 942 3123 lecit
964 3057 1193 3141 mentionem,
1222 3057 1427 3146 ceteroquin
1448 3055 1614 3124 videlieet
1634 3077 1780 3122 accura-

374 3180 552 3267 tissimus,
584 3202 697 3267 neque
719 3192 835 3270 patres
857 3180 1105 3267 ecclesiastici,
1136 3180 1260 3270 quibus
1281 3183 1409 3272 hymni
1428 3181 1545 3248 nostri
1565 3202 1780 3248 commemo-

374 3302 478 3370 randi
499 3304 638 3393 saepius
658 3302 782 3372 fuisset
803 3307 917 3395 copia.
976 3304 1195 3397 Quamquam
1222 3306 1508 3375 testimoniorum
1528 3304 1681 3373 defectui
1701 3327 1778 3373 non

375 3428 527 3496 nimiam
559 3451 630 3496 esse
658 3430 883 3500 tribuendum
903 3433 949 3501 K·
977 3433 1055 3522 ipse
1084 3433 1262 3520 concedit,
1288 3430 1462 3519 Diogenis
1487 3443 1604 3497 umen
1631 3429 1777 3496 silentio

375 3554 460 3621 satis
482 3555 672 3644 probatum
693 3569 824 3647 censet,
845 3559 921 3628 eins
942 3569 1056 3627 aetate
1074 3559 1297 3650 praeclarum
1318 3559 1387 3624 boo
1407 3556 1630 3644 antiquitatis
1650 3577 1777 3621 monn·

374 3690 533 3747 mentum
554 3683 713 3749 noudum
735 3686 922 3773 exstitisse3
945 3686 1155 3774 scriptorem
1177 3685 1272 3751 enim
1293 3693 1396 3772 putat
1414 3703 1486 3748 esse
1503 3681 1700 3766 Diogenem
1722 3680 1775 3746 ita

376 3805 601 3901 diligentem,
635 3811 687 3876 itn
714 3812 834 3880 omnia
860 3812 1148 3902 amplectentem,
1181 3811 1242 3899 qui
1272 3807 1366 3877 nibil
1396 3805 1679 3899 praetermittere
1706 3827 1776 3893 po·
