4372 5782
895 398 1201 516 ...5-

399 655 609 722 quamquam
622 645 743 724 postea
751 629 957 700 Cleanthem
975 631 1149 718 quendam
1172 615 1350 697 auctorem
1362 629 1444 700 'esse
1466 633 1625 701 concedit
1646 646 1794 722 eumque

401 759 573 844 Stoicum,
594 780 704 845 neque
724 769 839 824 tamen
860 757 1125 824 illumZanonis
1145 756 1372 846 discipulum,
1395 730 1454 825 sed
1474 759 1656 824 hominem
1675 760 1795 827 nescio

399 907 504 972 quem
531 884 658 967 alium,
692 882 755 971 qui
777 905 814 970 p.
836 880 874 949 C.
895 883 941 951 N.
962 882 1115 969 vixerit,
1144 882 1268 949 eodem
1297 885 1441 951 nomine
1467 883 1678 974 praeditum.
1742 882 1794 950 At

396 1011 464 1076 hcc
486 1009 634 1075 minoris
657 1018 708 1072 est
728 1004 921 1089 momenti,
950 1005 1042 1094 quod
1063 1028 1147 1074 vero
1170 1007 1275 1072 huius
1297 1008 1469 1096 poematis
1491 1030 1610 1075 versus
1633 1021 1654 1085 9
1675 1042 1715 1061 -
1738 1021 1791 1092 1¹,

398 1133 514 1200 seculo
545 1132 652 1198 tertio
681 1131 737 1199 vel
767 1140 890 1217 quarto
919 1130 960 1195 ab
992 1132 1069 1220 ipso
1098 1131 1237 1219 tributi,
1259 1133 1397 1199 Catullo
1433 1132 1477 1199 cb
1513 1133 1637 1198 oeulos
1664 1131 1793 1200 versati

396 1255 504 1322 fuisse
525 1256 565 1322 in
587 1255 849 1322 commentariis
871 1254 1127 1342 dicuntur,hoc
1148 1256 1334 1345 philologo
1355 1256 1548 1322 condonari
1569 1278 1643 1321 non
1658 1265 1792 1343 posset:

393 1381 659 1467 jurisconsulto,
687 1379 826 1467 qualem
855 1379 902 1446 K.
932 1401 967 1444 sc
987 1381 1144 1466 exhibet,
1172 1383 1238 1446 lsao
1269 1381 1311 1464 de
1339 1402 1440 1444 cansa
1467 1380 1607 1446 veniam
1635 1378 1703 1443 sibi
1732 1400 1794 1466 pa·

396 1504 501 1595 tenti,
538 1525 603 1593 per
631 1525 688 1568 me
720 1502 958 1588 condonetur,
987 1507 1122 1592 quippe
1151 1480 1211 1569 cui
1242 1505 1289 1568 sit
1319 1504 1418 1570 laudi
1446 1505 1665 1587 vertendum,
1697 1503 1792 1589 quod

393 1627 526 1694 litteris
543 1627 689 1694 Graecis
711 1649 747 1693 se
762 1625 908 1691 dederit.
951 1625 1042 1691 Vale
1058 1626 1183 1714 igitur,
1199 1626 1255 1692 vir
1271 1626 1357 1694 mihi
1372 1623 1509 1715 ignote!
1531 1629 1683 1716 ignosce,
1697 1626 1793 1714 quod

394 1752 538 1818 veritati
554 1751 695 1821 studens
723 1749 790 1815 tibi
806 1772 883 1814 sum
897 1748 1113 1816 adversatus!
1135 1751 1308 1816 intectum
1322 1762 1356 1816 te
1368 1752 1590 1840 reliquissem
1603 1752 1794 1840 reprehen-

396 1880 504 1961 sione,
522 1876 591 1942 nisi
608 1875 741 1943 veritus
755 1893 877 1959 essem,
891 1893 936 1936 nc
949 1869 1054 1958 fama,
1071 1873 1127 1937 cui
1142 1874 1237 1960 justo
1251 1872 1390 1939 facilius
1407 1875 1574 1963 creditur,
1581 1876 1793 1966 Repertorio

398 2000 578 2089 Lipsiensi
608 1999 749 2083 vulgata
773 1993 862 2061 alios
893 1996 1130 2084 praejudicata
1161 1997 1330 2085 opinione
1363 1996 1547 2082 imbueret,
1578 2000 1647 2063 nisi
1675 2023 1792 2067 meum

392 2135 582 2212 putassem,
626 2121 693 2186 tibi
727 2119 834 2185 huius
871 2120 1003 2186 erroris
1039 2120 1189 2207 auctori,
1233 2121 1263 2185 si
1295 2132 1466 2208 superstes
1505 2123 1618 2189 adhuc
1650 2124 1686 2189 iu
1715 2125 1791 2192 vita

392 2250 554 2332 versaris,
577 2245 762 2313 veritatem
784 2241 1004 2332 persuadere.

561 2455 564 2459 ⁸
601 2369 779 2434 Summam
806 2365 1060 2459 disputationis
1102 2383 1241 2436 nostrae
1267 2372 1443 2457 repetenti
1485 2393 1525 2436 ea
1567 2372 1792 2461 potissimum

396 2496 522 2564 offerre
552 2495 643 2561 mihi
670 2493 779 2560 liceat
806 2507 1024 2580 argumenta,
1054 2516 1140 2580 quae
1162 2492 1342 2560 Cleanthis
1365 2493 1403 2557 in
1431 2493 1610 2581 integrum
1637 2498 1793 2563 restituti

394 2621 652 2710 possessionem
674 2618 716 2682 ab
743 2617 841 2682 omni
861 2627 1028 2681 tueantur
1056 2617 1254 2703 iniquitate.
1296 2617 1368 2683 Cur
1396 2616 1490 2704 apud
1511 2617 1697 2683 Stobeeum
1726 2620 1793 2685 ulli

390 2745 590 2831 fragmento
625 2740 754 2806 falsum
795 2760 924 2804 nomeu
954 2760 1024 2803 essa
1054 2737 1269 2829 adscriptum
1298 2751 1476 2829 putemus,
1522 2742 1593 2807 nisi
1618 2754 1793 2829 repugnet

393 2870 469 2937 eins
499 2877 743 2952 argumentum
772 2864 830 2950 iis,
863 2881 952 2948 quae
974 2860 1117 2925 aliunde
1138 2859 1180 2927 dc
1201 2860 1323 2926 codem
1345 2864 1423 2930 viro
1451 2865 1593 2952 cognita
1613 2864 1791 2953 habemus,

393 2993 492 3059 nulla
515 3002 566 3057 est
590 3009 716 3074 censa,
760 2985 934 3074 siquidem
963 2984 1002 3049 in
1022 2962 1193 3072 plurimis
1210 2985 1299 3051 locis
1320 2988 1558 3055 eruditissimo
1586 2989 1672 3054 huic
1701 2991 1791 3057 anti-

395 3139 489 3207 quae
512 3111 762 3209 philosophiae
784 3109 915 3177 cultori
937 3119 972 3174 et
999 3111 1237 3176 conservatori
1258 3109 1362 3178 fidem
1383 3111 1551 3200 denegare
1573 3139 1646 3181 non
1667 3137 1790 3204 possu-

378 3265 481 3311 mus.
562 3239 740 3306 Cleanthis
784 3237 896 3324 igitur
942 3256 1072 3300 nomen
1113 3235 1154 3300 in
1195 3235 1295 3302 illius
1350 3239 1620 3309 collectionibus
1659 3241 1791 3326 legenti

392 3369 433 3434 in
454 3376 608 3463 meatem
629 3363 748 3432 veniet
769 3361 908 3428 Stoicus
935 3360 997 3426 ille
1025 3359 1219 3450 Chrysippi
1257 3362 1433 3450 magister,
1476 3363 1561 3429 alibi
1590 3363 1791 3452 saepissime

391 3491 434 3557 iu
456 3488 578 3555 eodem
598 3487 691 3553 libro
715 3486 858 3572 obvius,
880 3486 980 3553 caius
1001 3485 1146 3552 decretis
1168 3508 1248 3552 cum
1268 3488 1422 3578 hymnus
1444 3489 1590 3555 omnino
1605 3500 1789 3575 congruat,

393 3616 546 3681 cundem
567 3614 641 3680 eius
663 3635 736 3679 esse
755 3622 948 3698 auctorem,
975 3632 1078 3677 nemo
1102 3622 1165 3697 est,
1198 3612 1259 3699 qui
1286 3635 1359 3679 non
1376 3615 1455 3701 jure
1476 3613 1545 3680 sibi
1565 3615 1790 3704 persuadeat3

390 3737 602 3831 praesertim
641 3759 720 3805 cum
754 3738 908 3804 eiusdem
945 3735 1098 3803 nominis
1127 3735 1277 3822 Stoicus,
1312 3751 1480 3824 quantum
1513 3739 1672 3829 equidem
1701 3740 1788 3825 scic,

392 3864 482 3929 alius
505 3861 640 3929 nemini
669 3860 877 3936 innotuerit.
921 3867 1045 3953 Neque
1074 3865 1266 3932 sententiae
1296 3873 1445 3950 tautum,
1468 3884 1555 3951 quae
1584 3865 1623 3930 in
1653 3863 1787 3952 hymno
