4380 5812
1314 405 1565 483 ...16-

737 597 980 682 Sterblichen3
1001 596 1102 664 nicht
1123 595 1182 664 fair
1202 581 1400 664 Bewohner
1421 597 1482 662 der
1499 598 1585 666 Erd'
1608 597 1654 662 ist
1675 594 1851 684 Hiiheres,
1869 600 1969 668 nicht
1989 602 2051 670 fur

737 721 982 807 Himmlische,
1004 722 1054 787 als
1076 720 1115 786 in
1137 719 1404 810 Gerechtigkeit
1424 723 1564 811 preiscn
1586 722 1817 808 gemeinsame
1837 724 2005 813 Satzung.

943 845 995 913 Ut
1026 844 1279 911 sententiarum
1308 867 1442 913 nexum
1471 811 1629 912 breviter
1655 846 1899 917 adumbratum
1926 852 2139 942 interpreta-

734 976 830 1043 tioni
851 972 1096 1062 praemittam,
1127 971 1169 1038 ad
1196 969 1282 1035 artie
1307 967 1382 1036 fere
1411 971 1548 1057 regulas
1579 972 1733 1058 hymnus
1761 975 1942 1041 extribus
1970 977 2135 1062 partibus

737 1098 952 1188 compositus
972 1106 1041 1162 est:
1073 1093 1197 1181 primis
1219 1095 1314 1161 enim
1335 1118 1398 1163 sex
1419 1096 1577 1162 versibus
1598 1099 1705 1185 poiita
1725 1099 1915 1166 consilium
1935 1113 1971 1168 et
1999 1125 2139 1169 causam

733 1223 872 1313 profert
881 1220 951 1286 Dei
973 1217 1182 1305 celebrandi,
1202 1221 1327 1288 deinde
1348 1220 1391 1286 ad
1414 1243 1554 1289 versum
1574 1197 1793 1289 tricesimum
1814 1245 1922 1310 nsque
1943 1225 2019 1314 ipsa
2047 1228 2140 1295 cele·

735 1347 851 1414 bratio
874 1345 1116 1430 continuatur,
1137 1364 1224 1431 quae
1245 1346 1368 1412 finitur
1390 1359 1494 1434 etque
1513 1359 1703 1437 peroratur
1726 1347 1901 1434 precibus.

942 1468 989 1538 V.
1010 1482 1039 1542 1.
1082 1470 1270 1536 Excitatus
1297 1470 1554 1556 quodammodo
1570 1472 1711 1560 Jupiter
1731 1472 1957 1559 cognomine,¹
1976 1496 2049 1562 quo
2069 1477 2139 1564 jam

686 1569 689 1573 ⁴
734 1598 914 1664 Homerus
943 1569 1112 1661 salutarit
1139 1614 1208 1671 eos,
1236 1592 1362 1678 quibus
1392 1615 1528 1659 summa
1558 1594 1730 1664 tribuitur
1756 1607 1908 1686 potestas
1941 1608 1976 1663 et
2004 1595 2136 1686 gloria,

664 1749 667 1755 ·
736 1724 897 1790 Deorum
931 1719 1099 1809 princeps
1145 1729 1182 1783 et
1214 1717 1433 1782 Graecorum
1476 1717 1570 1805 dux3
1620 1717 1759 1803 seepius
1793 1721 1890 1785 euim
1924 1720 2065 1811 Jupiter
2100 1725 2141 1791 iu

734 1831 899 1937 precibus
921 1843 1121 1932 appellatur
1142 1844 1202 1910 zat
1215 1836 1340 1911 κύδιστε
1351 1844 1474 1930 μέγιστε
1486 1843 1527 1910 Il.
1539 1840 1586 1909 11.
1599 1845 1676 1935 412,
1696 1843 1863 1931 Hymnus
1877 1846 1998 1923 XXII,
2018 1849 2140 1919 inter.

736 1995 770 2044 v.
792 1981 832 2056 43
875 1968 995 2036 eodem
1014 1965 1120 2034 modo
1142 1965 1185 2032 ΙΙ.
1205 1966 1250 2035 ΙΙ.
1271 1966 1339 2044 434
1355 1966 1605 2054 Agamemnon
1627 1967 1827 2056 appellatur
1843 1970 1981 2061 Ἀτρείδη
2003 1969 2142 2043 κύδιστε.

736 2097 776 2162 Si
798 2095 924 2163 deinde
945 2093 1085 2159 additur
1105 2086 1294 2174 ἇθανάταη,
1324 2094 1430 2159 etiam
1457 2093 1577 2159 Stoico
1606 2091 1702 2158 Deos
1730 2092 1782 2159 ita
1812 2097 1993 2183 appellare
2020 2097 2138 2182 licuit,

735 2227 859 2304 utpote
869 2217 1018 2303 «potitae,
1062 2213 1220 2300 quamvis
1240 2214 1335 2281 Deos
1364 2228 1505 2304 praeter
1526 2216 1652 2283 Jorem
1681 2227 1825 2284 cunctos
1848 2219 2013 2285 mortsles
2033 2231 2142 2307 puta·

736 2342 848 2425 vorit3
868 2338 963 2405 Plut.
975 2338 1085 2408 Stoic.
1105 2358 1253 2424 repugn.
1273 2361 1310 2426 p.
1327 2352 1422 2415 1052.
1444 2341 1681 2429 Subjungitur
1700 2341 1907 2407 vocabulum
1926 2338 2142 2429 πολυώνυμος,

737 2487 819 2553 quo,
842 2475 1012 2551 quantum
1033 2463 1119 2549 scio,
1140 2462 1319 2529 Homerus
1340 2464 1518 2532 nerninem
1547 2466 1732 2552 insignivit
1751 2444 1928 2550 Deorum,
1959 2465 2141 2534 Hesiodus

739 2586 856 2657 eutem
869 2581 951 2676 ὕδωρ
973 2586 1202 2672 cognominet
1216 2589 1351 2675 Theog.
1361 2602 1424 2667 785
1444 2613 1462 2657 e
1476 2555 1798 2658 Grammaticorum
1812 2589 1953 2678 quidem
1966 2593 2139 2657 sententia

735 2737 807 2781 non
828 2722 978 2801 propter
1003 2712 1109 2799 plura
1137 2711 1212 2775 eius
1246 2715 1409 2817 nomipa,
1439 2713 1498 2779 sed
1527 2714 1621 2800 quod
1650 2713 1788 2800 saepius
1809 2712 2139 2799 nominatumque

737 2861 839 2905 sensu
866 2839 936 2904 hoc
960 2835 1170 2906 vocabulum
1196 2838 1303 2907 etiam
1330 2840 1372 2905 ab
1403 2849 1543 2904 auctore
1565 2838 1690 2926 hymni
1718 2837 1756 2902 in
1781 2835 1995 2925 Apollinem
2023 2860 2059 2902 v.
2081 2850 2137 2923 82,

736 2975 946 3052 usurpatum
967 2961 1125 3047 videtur3
1169 2972 1319 3051 propter
1339 2963 1439 3051 plura
1458 2973 1576 3027 tamen
1598 2962 1742 3031 nomina
1756 2962 1829 3052 jam
1846 2961 1953 3027 Pluto
1977 2960 2045 3026 hoc
2061 2983 2140 3048 cog·

736 3089 880 3155 nomine
901 3084 1091 3172 insignitus
1113 3106 1184 3152 esse
1205 3086 1346 3153 videtur
1367 3086 1409 3152 eb
1431 3109 1495 3172 eo,
1509 3086 1578 3174 qui·
1592 3084 1765 3174 hymnum
1787 3086 1987 3175 composuit
2008 3085 2047 3150 in
2063 3085 2136 3154 Ve-

735 3235 857 3281 nerem
883 3233 916 3280 ν.
938 3224 979 3286 18
1007 3221 1043 3282 et
1066 3221 1120 3295 323
1168 3221 1258 3277 certe
1293 3218 1484 3301 propterea
1511 3210 1668 3278 Bacchus
1707 3221 1854 3280 vocator
1878 3203 2081 3295 πολυώνυμος
2114 3232 2133 3274 a

737 3336 913 3424 Sophocle
936 3336 976 3400 in
996 3334 1344 3421 Antigonev.1115·
1386 3337 1513 3403 Noster
1541 3336 1691 3423 denique
1718 3335 1855 3402 Stoicae
1883 3344 1993 3400 sectae
2019 3331 2141 3420 philo·

736 3461 870 3549 sophus
904 3442 999 3525 idem
1032 3460 1102 3526 hoc
1136 3461 1346 3529 vocabulum
1380 3460 1561 3550 peculiari
1592 3472 1741 3549 usurpat
1767 3481 1889 3545 sensu3
1925 3480 2013 3546 qnae
2044 3458 2141 3523 enim

731 3586 879 3683 uomina
900 3583 1029 3650 Graeci
1049 3585 1208 3674 plurium
1230 3608 1302 3652 esse
1322 3588 1482 3654 Deorum
1511 3585 1750 3672 crediderunt,
1774 3607 1811 3650 ea
1824 3583 1932 3650 Stoici
1950 3604 2017 3670 pro
2034 3581 2142 3647 variis

734 3709 1064 3777 eiusdemNuminis
1086 3710 1401 3798 significationibus
1426 3709 1637 3796 habuerunt,
1654 3710 1761 3797 quod,
1776 3711 1842 3776 etsi
1865 3732 1930 3798 per
1953 3728 1988 3773 se
2010 3727 2137 3789 unum,

738 3835 777 3905 in
798 3834 944 3904 diversis
965 3847 1082 3902 tamen
1104 3836 1226 3939 mundi
1248 3835 1409 3924 partibus
1431 3855 1603 3922 apparens
1625 3828 1663 3901 iu
1681 3835 1812 3900 multos
1834 3834 2019 3901 daemones
2040 3833 2141 3917 quasi
