4380 5812
659 463 915 537 -35-

96 664 166 709 ease
195 654 306 729 puto,
345 654 384 707 ut
410 648 455 721 εἰς
482 643 633 729 pendeat
665 669 685 712 a
712 652 929 737 τετραμμένοι,
965 648 1113 736 ideoque
1141 672 1256 719 verane
1291 658 1488 729 tricesimus

97 793 164 858 pro
195 773 320 855 politae
355 771 469 835 nostri
498 770 749 837 consuetudine
777 770 985 838 sententiam
1014 787 1114 841 antea
1142 777 1254 844 fusius
1277 781 1488 852 illustratam

94 896 250 963 breviter
271 909 395 961 etcum
417 897 454 963 ri
476 896 623 983 quadarn
643 908 790 986 repetat,
812 918 883 983 quc
898 899 1078 984 sequentia
1088 897 1228 969 facilius
1249 921 1490 977 annectantur.

96 1023 213 1109 ltaque
240 1022 474 1112 participium
503 1018 687 1101 σπεύδοντες
712 1023 933 1091 referendum
962 1037 1014 1090 est
1042 1026 1084 1091 ad
1112 1051 1311 1116 pronomen
1337 1036 1427 1106 αὐτοὶ
1453 1050 1489 1104 at

97 1148 240 1213 verbum
263 1150 407 1236 ὁρμῶσιν,
435 1148 474 1211 ad
498 1148 714 1213 infinitivum
744 1172 829 1215 vero
851 1155 1018 1237 γενέσθαι,
1047 1152 1108 1238 qui
1136 1154 1178 1217 ab
1205 1156 1273 1221 hoc
1295 1163 1488 1252 participio

93 1272 240 1361 pendet,
269 1273 444 1360 particula
473 1268 547 1350 dices
576 1274 832 1359 subaudienda,
866 1288 905 1340 ut
933 1275 992 1339 hic
1013 1276 1176 1342 eliciatur
1197 1304 1332 1349 seusus:
1361 1290 1489 1373 gaudia

94 1409 251 1486 petentes
274 1421 380 1484 eaque
404 1421 471 1486 pro
492 1398 595 1463 bonis
616 1398 796 1483 habentes,
820 1399 1022 1465 studiosus
1047 1400 1221 1491 efficiunt,
1251 1418 1291 1472 ut
1313 1418 1486 1481 contraria

91 1526 177 1615 ipsis
199 1525 371 1593 accidant.

298 1647 345 1711 V.
367 1660 419 1721 31.
461 1647 537 1712 lam
551 1648 731 1732 peroratio
746 1649 1110 1737 sequitureprecibus
1127 1658 1334 1743 composita.
1365 1661 1486 1728 lovem

90 1796 211 1839 rursus
242 1773 435 1858 alloquitur
464 1783 499 1879 et
532 1771 641 1836 variis
666 1772 834 1858 epithetis
862 1785 1022 1839 exornat.
1072 1777 1194 1845 Primo
1216 1781 1349 1851 donum
1367 1800 1488 1875 petens

88 1878 268 1989 praedicat
279 1922 359 1963 eum
375 1898 549 1962 donorum
565 1893 792 1981 largitorem3
815 1894 857 1960 de
873 1918 940 1983 qua
955 1900 1214 1967 revocabulnm
1230 1904 1392 1998 πάνδωρος
1404 1915 1487 1979 satis

91 2026 277 2109 antiquum
299 2032 363 2106 cst,
376 2020 507 2107 legitur
522 2019 616 2085 enim
638 2018 677 2083 in
693 2020 805 2108 epigr.
825 2021 933 2090 Hom.
942 2036 975 2104 7,
994 2020 1106 2092 πότνια
1125 2030 1175 2113 νῆ,
1195 2025 1347 2117 ariadnae,
1367 2033 1488 2125 δότειρα

89 2150 273 2236 μελίφρονος
290 2147 395 2237 ὄλβου.
439 2146 558 2211 Etiam
578 2142 760 2231 κελαινερνής
783 2146 921 2233 Jupiter
948 2148 1040 2234 apud
1061 2149 1259 2219 Homerum
1288 2157 1488 2246 appellatur

91 2274 132 2341 ll.
154 2275 242 2340 XXI.
264 2288 339 2358 52¹0,
362 2272 434 2337 uad'
460 2272 557 2349 δ’ἷζον
575 2263 662 2353 παρὰ
688 2273 764 2355 Ζηνὶ
784 2270 960 2355 κελαινεφέι·
978 2271 1022 2338 cf.
1043 2274 1148 2340 XXII.
1172 2290 1243 2349 177·
1287 2278 1392 2357 Quod
1417 2283 1489 2367 jam

91 2401 248 2485 sequitur
270 2396 484 2483 adjectivum
511 2394 738 2481 ἇρχιιιέραυνος,
768 2396 807 2458 in
828 2394 913 2458 solia
935 2393 1104 2481 Orphicis
1128 2396 1294 2485 obvium,
1316 2405 1488 2491 suspicio.

88 2546 169 2589 nem
188 2543 332 2586 movere
352 2530 488 2606 potest3
531 2515 624 2602 apud
646 2515 844 2580 Homerum
865 2517 961 2582 cuim
982 2541 1054 2583 non
1075 2520 1145 2585 uisi
1167 2522 1381 2613 ἀργικέραυνε
1401 2529 1488 2619 legi·

91 2661 151 2712 tur
173 2670 201 2712 e.
226 2669 257 2731 g.
279 2646 320 2710 Il.
342 2644 447 2712 XXII.
474 2656 553 2729 177,
584 2640 645 2704 ubi
667 2640 809 2705 Athana
830 2642 952 2706 lovem
974 2643 1168 2729 alloquitur
1196 2636 1220 2712 ci
1244 2644 1342 2738 πάτερ
1368 2651 1488 2738 ἇρμιιιέ-

88 2799 192 2857 ραονε,
213 2770 400 2851 κελαινεφές.
444 2768 496 2833 At
516 2768 554 2831 iu
577 2763 777 2851 antiquiore
801 2762 1044 2852 Orphicorum
1065 2764 1264 2856 fragmento
1287 2784 1401 2840 exstat
1421 2775 1488 2842 hoc

88 2894 320 2978 vocabulum,
352 2894 569 2979 ἀρχικέραυνος
590 2889 614 2955 i.
646 2913 676 2954 e.
697 2888 858 2955 fulminis
880 2889 1044 2955 dominus
1067 2891 1160 2978 apud
1183 2905 1362 2962 auctorem
1377 2898 1488 2968 libro·

87 3040 166 3082 rum
197 3018 239 3082 de
268 3016 420 3101 mundo,
449 3014 508 3102 qui
530 3014 735 3079 Aristotelia
765 3014 908 3080 nomine
932 3015 1250 3105 circumferuntur,
1280 3021 1343 3087 ubi
1371 3034 1487 3091 tamen

88 3144 194 3208 lectio
214 3143 327 3207 variat
343 3142 436 3206 inter
449 3170 468 3227 y
482 3151 516 3205 et
527 3170 560 3228 χ,·
580 3139 725 3204 Taetzes
738 3139 888 3226 'quidem
905 3139 1138 3230 adLyocphr.
1155 3154 1190 3208 et
1201 3144 1372 3212 Eusebius
1384 3149 1489 3216 Prae·

90 3289 179 3354 par,
202 3269 263 3353 qui
286 3267 433 3331 eundem
450 3286 590 3331 versum
614 3263 910 3349 afferunt,v0cem
932 3286 1011 3330 cum
1023 3296 1043 3354 y
1063 3267 1232 3357 scriptam
1253 3269 1432 3350 exhibent,
1454 3287 1488 3339 at

86 3366 245 3470 Procius,
269 3391 329 3478 qui
352 3388 585 3478 fragmentum
607 3387 696 3454 illud
716 3388 790 3454 fere
813 3390 990 3475 integrum
1012 3392 1169 3478 exhibet,
1190 3395 1313 3460 scribit
1330 3425 1368 3483 χ,·
1390 3420 1489 3483 prae·

86 3528 183 3580 terea
205 3514 569 3583 Pseudo-Aristoteles
598 3516 667 3580 hoc
696 3514 908 3580 vocabulum
937 3538 1003 3605 per
1028 3547 1047 3604 χ
1075 3518 1246 3604 scriptum
1269 3523 1402 3607 repetit
1421 3545 1488 3611 pro

85 3641 318 3729 ἀρχιμένιθλος,
342 3644 441 3706 cuius
465 3640 576 3728 ipsius
592 3641 689 3705 vocis
708 3640 904 3707 similitudo
927 3653 962 3707 et
975 3642 1086 3707 totius
1100 3640 1174 3707 fere
1192 3643 1356 3707 carminis
1369 3668 1487 3711 sensus

91 3765 129 3828 in
151 3764 249 3829 Jovis
270 3766 431 3853 potentia
453 3776 487 3831 et
510 3765 670 3830 dominio
694 3776 884 3852 occupatus
905 3766 1040 3851 suadet,
1061 3778 1102 3831 ut
1122 3768 1337 3856 ἀρχικέραονος
1358 3769 1401 3837 ab
1420 3770 1489 3837 Or-

87 3889 192 3975 pheo,
212 3890 268 3955 vel
285 3890 442 3977 quisquis
463 3891 510 3956 sit
532 3890 698 3956 carminis
718 3901 853 3976 auctor,
874 3890 1049 3979 scriptum
1068 3912 1266 3980 ponamus3
1291 3894 1357 3960 hoc
1379 3895 1490 3983 igitur

1205 4021 1268 4091 5.
