4380 5812
1221 453 1546 586 ⁸·-36-

723 650 924 738 fragmento
964 645 1156 732 antiquitas
1196 646 1358 713 vocabuli
1403 648 1618 737 ἀρχικέραυνος
1653 644 1735 709 satis
1774 642 1916 711 defensa
1952 657 2016 718 est.
2059 648 2124 731 (ci.

725 777 861 841 Gesner
883 772 924 838 ad
946 772 1069 858 fragm.
1087 769 1149 835 Vl.
1158 791 1190 834 v.
1200 776 1250 849 9.)
1293 771 1413 857 ltaque
1434 773 1507 858 jam
1521 771 1659 858 liquere
1679 782 1781 858 puto,
1803 773 1946 860 po'e'tum
1959 783 2124 839 nostrum

724 898 825 964 nullo
849 900 901 961 uti
925 896 1103 984 epitheto,
1131 893 1224 980 quod
1245 916 1317 959 non
1339 896 1418 982 ipso
1440 895 1487 960 sit
1509 894 1710 983 antiquius,
1741 909 1780 962 ut
1800 918 1845 963 ex
1865 897 1932 963 hoc
1962 918 2000 963 re
2022 919 2125 985 argu·

723 1033 881 1088 mentum
911 1019 1045 1087 desumi
1074 1040 1147 1085 non
1175 1020 1309 1106 possit,
1353 1042 1422 1108 quo
1459 1020 1558 1085 ducti
1585 1019 1793 1090 Cleanthem
1832 1044 1902 1088 esse
1940 1033 2125 1090 auctorem

725 1166 902 1232 negemus.

931 1310 973 1379 V.
994 1321 1046 1385 39.
1088 1306 1310 1376 Vocabulum
1333 1308 1521 1400 ἀπειροσύνη
1548 1311 1672 1401 prodit
1700 1309 1910 1396 diligentem
1936 1310 2126 1400 Euripidis

729 1439 911 1522 lectorem,
944 1436 1062 1522 quoles
1091 1434 1236 1501 fuerunt
1266 1454 1386 1500 omnes
1407 1433 1480 1499 fere
1502 1433 1632 1498 Stoici:
1655 1456 1684 1502 e.
1706 1457 1738 1522 g.
1758 1435 1890 1521 legitur
1911 1435 2006 1502 Med.
2031 1450 2125 1517 1093.

725 1561 958 1649 Hippolt93.
980 1554 1092 1644 Λυγρὴ
1113 1557 1272 1622 Homero
1295 1557 1574 1644 usitatissimum,
1597 1559 1665 1624 hoc
1678 1561 1821 1647 quidem
1841 1561 1920 1626 loco
1941 1583 2073 1628 noxam
2088 1577 2123 1629 et

728 1685 926 1775 perniciem
968 1681 1138 1769 quandam
1181 1679 1379 1766 significare
1422 1680 1562 1747 videtur
1591 1662 1639 1747 cf.
1672 1683 1809 1750 Passow
1843 1686 1915 1750 lex.
1957 1711 1984 1752 s.
2026 1689 2062 1757 h.
2092 1711 2125 1755 v.

726 1809 903 1877 Brunckii
936 1799 1173 1895 conjecturam
1205 1801 1291 1893 ῥύοιο
1319 1804 1407 1870 mihi
1436 1827 1508 1870 non
1536 1827 1607 1870 esse
1636 1808 1822 1897 probatam
1856 1822 1974 1878 textus
2004 1813 2125 1879 docet:

727 1958 863 2001 causam
890 1942 1025 2023 repetes
1055 1912 1303 1994 cButtmanui
1332 1929 1491 2016 lexilogo
1521 1929 1606 1998 Vol.
1628 1932 1655 1997 Ι.
1686 1956 1721 2021 p.
1743 1945 1796 2020 63,
1826 1936 1886 2001 ubi
1913 1947 1947 2002 et
1967 1937 2124 2003 litteram

606 2082 612 2093 ‘
726 2088 746 2127 υ
766 2082 830 2149 per
858 2082 893 2124 se
913 2058 1056 2123 brevem
1086 2077 1156 2120 esse
1185 2053 1356 2140 reperies,
1385 2077 1496 2140 neque
1525 2058 1698 2144 optativi,
1727 2061 1866 2145 qualern
1892 2063 2035 2127 Brunck
2065 2062 2125 2128 hic

725 2184 926 2272 proposuit,
948 2181 1063 2246 ullum
1085 2164 1340 2244 animadvertes
1357 2179 1570 2267 exemplum.
1604 2182 1721 2249 Etiam
1735 2185 1872 2251 hiatum
1886 2198 1967 2273 post
1978 2186 2125 2251 brevem

726 2306 884 2373 vocalem
920 2305 997 2391 quis
1031 2303 1232 2391 vituperare
1262 2301 1394 2388 possit,
1432 2326 1640 2390 quamquam
1668 2312 1930 2393 interpunctione
1953 2312 2127 2377 accedente

727 2432 766 2497 in
788 2431 946 2518 legitima
968 2449 1107 2496 caesura
1130 2423 1222 2516 opud
1242 2424 1441 2489 Homerum
1463 2426 1503 2490 Il.
1518 2427 1544 2492 Ι.
1564 2451 1597 2498 ν.
1615 2437 1679 2509 569
1700 2422 1909 2501 admittitur.
1951 2435 2060 2502 Hisce
2084 2437 2127 2503 de

728 2555 838 2621 causis
859 2558 999 2644 εἴρυσσαι
1021 2552 1243 2619 scribendum
1265 2573 1336 2615 esse
1359 2550 1458 2619 duxi.

935 2721 982 2788 V.
1003 2734 1055 2798 33.
1099 2720 1228 2787 Omoiu
1251 2721 1355 2786 huius
1376 2743 1494 2787 versus
1517 2720 1686 2785 vocabula
1711 2724 1783 2807 jam
1813 2723 1850 2787 in
1874 2723 2021 2787 Homeri
2054 2745 2128 2786 car-

730 2847 883 2914 minibus
906 2846 1082 2933 leguntur.
1126 2845 1520 2911 Constructio-relativi
1549 2866 1628 2908 cum
1650 2842 1860 2930 imperativo
1885 2868 1904 2909 u
1925 2845 2127 2911 Matthiueo

730 2968 761 3064 ᾗ.
782 2979 845 3048 477
867 2975 898 3037 b.
921 2982 1085 3037 annotata
1106 2972 1260 3036 maxime
1288 2970 1432 3056 tragicis
1455 2969 1600 3058 propria
1634 2992 1756 3034 eorum
1784 2983 1845 3035 aut
1865 2972 2043 3058 aequalem
2066 2985 2126 3036 aut

728 3099 945 3167 imitatorem
960 3096 1124 3163 ostendit
1166 3096 1325 3164 Verbum
1347 3095 1466 3162 ditiores
1483 3098 1556 3183 jam
1578 3095 1670 3182 apud
1687 3096 1883 3162 Homerum
1903 3119 1983 3161 cum
2006 3095 2128 3161 infini-

730 3227 806 3291 tivo
829 3216 1060 3307 construitur,
1083 3234 1123 3286 ut
1143 3232 1263 3287 nostro
1286 3223 1374 3288 loco.

939 3391 986 3459 V.
1006 3397 1059 3464 34.
1102 3386 1326 3453 Vocabulum
1347 3383 1449 3474 γνώμη
1477 3385 1546 3453 hoc
1573 3386 1654 3451 loco
1677 3409 1747 3451 non
1770 3384 1964 3471 siguificare
1986 3360 2126 3449 senten·

731 3517 829 3601 tiam,
851 3517 909 3583 sed
927 3517 999 3582 vim
1016 3513 1246 3603 cognoscendi
1262 3513 1571 3600 cognitionemque
1594 3523 1696 3597 atque
1709 3512 1903 3595 scientiam,
1926 3533 2030 3596 quam
2048 3511 2129 3595 quis

732 3641 799 3708 sibi
821 3644 971 3729 pararit,
994 3665 1105 3710 nexus
1128 3642 1316 3707 verborum
1339 3641 1510 3707 ostendit:
1533 3640 1630 3705 Deus
1653 3640 1745 3704 enim
1768 3658 1807 3700 ea
1828 3636 1968 3704 nititur.
2011 3636 2131 3700 Voca-

731 3768 853 3833 bulum
875 3777 1003 3847 πίσυνος
1024 3770 1047 3834 i.
1069 3789 1098 3832 e.
1120 3768 1229 3834 fretus
1251 3766 1318 3832 hoc
1339 3788 1442 3833 sensu
1464 3765 1557 3854 apud
1577 3765 1773 3830 Homerum
1795 3762 1938 3848 legitur,
1973 3758 2064 3824 idem
2090 3761 2131 3824 in

732 3892 902 3984 Orphicis
923 3892 1097 3981 significat
1115 3893 1271 3972 obediens,
1294 3915 1366 3958 non
1381 3891 1597 3959 levissimum
1618 3898 1876 3977 argumentum,
1898 3887 2041 3974 politam
2063 3905 2132 3947 no·
