4372 5782
655 394 903 468 ..43-

287 595 325 667 2)
349 581 1117 673 diebbJovtsetVeneris11.X11.Anttqaitates
1132 589 1281 654 Graecas
1293 587 1478 654 enarrabit.

286 720 323 794 3)
346 712 450 777 semel
473 734 537 801 per
553 709 655 777 hebd.
679 709 781 775 Cives
793 708 995 799 Gymnasii,
1019 713 1255 794 eosmaxime,
1280 715 1341 798 qui
1363 713 1478 777 studia

78 838 265 924 philologo
292 859 377 926 pree
407 838 532 905 ceteris
555 835 701 903 colenda
724 836 791 901 sibi
813 837 1014 923 elegerunt,
1044 836 1084 901 ed
1106 849 1210 903 artem
1234 839 1480 925 interpretandi

77 962 268 1047 exercebit,
291 963 342 1027 ita
364 974 404 1027 ut
425 963 468 1028 iis
492 964 619 1031 selecta
644 962 828 1030 occultior
855 963 977 1029 Tibulli
1006 965 1162 1028 earmina
1185 964 1296 1029 latino
1319 984 1479 1028 sermone

78 1087 291 1174 explicanda
312 1088 436 1156 tradet.
528 1081 530 1085 ’

592 1324 966 1350 m

143 1585 317 1670 Ernest.
351 1587 464 1669 Phil.
498 1586 667 1672 Ludov.
701 1589 955 1700 Calmberg,
985 1531 1161 1670 Joaanea'
1193 1586 1414 1695 Professor,

75 1736 189 1803 latine
210 1738 500 1826 interpretabitur

205 1874 208 1879 '
286 1884 351 1946 per
373 1872 538 1926 aestatem
561 1883 579 1926 e
604 1861 649 1928 V.
673 1858 716 1923 T.
737 1861 815 1927 Jobi
839 1883 984 1934 carmem·

561 2008 578 2051 e
600 1986 645 2052 N.
667 1984 711 2050 Τ.
737 1987 903 2074 evanyetia
925 1985 1064 2063 Mattlr„
1094 1986 1208 2050 Marci
1229 1995 1261 2050 ct
1289 1986 1421 2058 Lucam

286 2140 350 2206 per
379 2118 535 2209 hiemem
561 2137 579 2179 e
599 2113 645 2181 V.
667 2112 710 2177 Τ.
731 2114 876 2178 Jesatam
892 2111 1107 2198 prophetam

500 2246 504 2257 '
548 2214 575 2304 ¹e
597 2241 643 2307 Ν.
666 2238 708 2305 Τ.
730 2236 929 2325 evanyelium
950 2238 1100 2302 Ioannis.

285 2368 359 2432 Nec
384 2364 427 2429 iis
450 2364 573 2448 deerit,
596 2363 655 2451 qui
680 2362 878 2427 uberiorem
909 2372 943 2426 et
971 2360 1226 2425 accuratiorem
1255 2362 1396 2448 linguae
1416 2365 1477 2430 he·

75 2470 216 2534 braicae
238 2470 477 2554 cognitionem
508 2492 527 2534 e
555 2468 675 2555 lingue
703 2467 859 2554 arabica,
890 2465 1081 2550 chaldaica,
1103 2465 1252 2554 syriaca,
1275 2468 1475 2555 aethiopica

75 2583 114 2639 et
135 2573 271 2660 persica
292 2583 411 2661 petere
432 2573 561 2638 volent.

652 2822 903 2848 *a

85 3046 339 3143 Franciscus
368 3047 537 3162 Woltg.
569 3049 656 3132 Ad.
690 3047 882 3147 Ultrich,
920 3049 1002 3133 Dr.
1040 3047 1218 3133 Joaaaet
1248 3050 1472 3159 Professor,

79 3219 172 3259 ariano
194 3198 387 3285 insequenti

289 3326 320 3402 1)
344 3345 405 3409 per
427 3335 589 3389 semestre
611 3325 782 3392 aestivam
802 3327 1039 3413 Aristophanis
1061 3325 1192 3405 Nubes,

285 3453 320 3523 2)
343 3469 408 3534 per
428 3458 592 3513 semestre
612 3449 798 3515 hibernum
820 3452 976 3541 Aeschyli
993 3457 1259 3542 Ayaaraemnonem
1280 3452 1474 3539 explicabit

77 3580 198 3655 quater
218 3594 281 3659 per
302 3572 401 3640 hebd.
424 3573 515 3639 dieb.
535 3573 626 3640 Lun.
647 3574 753 3643 Mart.
774 3577 849 3645 Jov.
870 3578 961 3645 Ven.
984 3580 1070 3647 hora
1090 3579 1260 3646 III-IV.

659 3883 890 3917 «ιι-,η-
