4372 5782
563 445 884 543 .-⁹-

99 636 135 707 5)
160 627 327 717 Hymnus
349 625 526 692 Cleanthis
555 627 670 693 denuo
699 630 904 717 recensitas,
926 619 1021 696 uotis
1048 626 1263 718 illustratus,
1290 633 1470 722 rhythmis

162 751 310 818 donatus
331 751 536 818 Teutonicis
558 774 715 825 necnon
737 754 914 822 Suocanis'.
969 756 1096 822 Exere.
1116 754 1245 842 philol.
1267 756 1471 824 moderante

163 872 204 942 L'.
227 876 551 972 'Ph.<Kosegarten,
580 899 685 968 prop.
707 878 749 950 1..
771 879 918 947 Edwall.
961 877 1163 969 Gryphisw.
1194 891 1286 954 1813.
1314 883 1381 962 (4.)

19 981 22 984 ⁴
100 1005 137 1076 6)
160 999 351 1066 Kleenthee
380 999 442 1065 der
470 999 630 1089 Stoiker‚
667 1026 738 1071 von
764 1003 808 1073 G.
835 1003 874 1072 0.
903 1003 942 1071 F.
972 1003 1176 1072 Mohnicke.
1218 1006 1338 1071 Erstes
1359 1005 1472 1071 Bend—
1502 1098 1504 1102 Α

165 1124 264 1190 chen.
308 1124 491 1191 Pois'tische
512 1124 729 1200 Ueberrcste.
773 1128 1184 1210 Gneifswald1814.(ss.)
1224 1113 1227 1125 ’

100 1255 137 1330 7)
162 1249 348 1339 Specimeu
369 1251 568 1340 theologiae
594 1254 852 1341 comparativae
881 1253 1049 1322 exhibens
1079 1248 1270 1330 Κλεάνθους
1298 1247 1395 1338 ὕμνον
1421 1260 1466 1333 εἰς

129 1428 132 1433 .
165 1381 238 1442 Ata.
280 1375 343 1441 aa.
364 1375 393 1444 r.
414 1376 462 1445 Η.
484 1377 529 1445 A.
551 1377 730 1453 scewanc.
769 1380 876 1446 rena.
899 1393 993 1457 raro·
1015 1382 1031 1460 (
1055 1383 1079 1457 ·)
1332 1373 1337 1381 '

100 1506 137 1574 8)
163 1497 343 1567 Cleanthis
360 1500 398 1565 in
413 1499 535 1567 Iovem
550 1501 715 1592 Hymnus
729 1500 845 1568 denuo
861 1487 1084 1590 recognitus.
1118 1499 1281 1569 nucha.
1299 1497 1475 1565 Peterson.

162 1623 483 1706 Kilia01825·(.)
566 1604 569 1617 ’

152 1810 154 1814 ⁴
287 1746 488 1833 Editiones,
520 1768 608 1834 quae
636 1761 717 1834 post
738 1749 957 1818 Bruncltium
977 1748 1209 1836 prodierunt,
1238 1746 1309 1814 eius
1332 1748 1476 1836 potissi·

82 1893 179 1938 mum
199 1872 440 1939 recensionem
460 1882 597 1937 secutae
618 1892 730 1959 peuce
751 1882 939 1938 noverunt.
982 1871 1125 1936 Praeter
1145 1871 1380 1957 Heerenium‚
1415 1877 1476 1959 qui

81 2019 99 2061 e
122 1997 222 2063 novis
244 1994 424 2061 codicibus
446 1995 538 2060 bone
561 1993 727 2081 quaedum
748 1996 921 2085 protulit,
944 1994 1118 2062 Mohnike
1133 1994 1267 2080 optime
1283 1994 1326 2059 de
1337 1997 1473 2085 hymno

83 2131 206 2185 nostro
227 2120 373 2185 meritus
395 2130 465 2205 est,
489 2140 701 2206 quamquam
721 2119 988 2207 interpretando
1011 2130 1046 2184 et
1065 2128 1160 2183 recta
1183 2119 1372 2186 verborum
1394 2144 1476 2186 con·

83 2243 279 2309 structione
300 2243 515 2309 restituenda
536 2245 629 2339 plas,
651 2263 761 2329 quam
776 2239 991 2308 emendando
1012 2239 1199 2328 praestitit.
1234 2243 1332 2309 Num
1353 2244 1476 2310 lectio-

82 2391 141 2434 nes
156 2368 352 2452 variantes,
372 2358 456 2455 quas
471 2365 643 2459 Montbiy
654 2367 796 2434 Review
816 2365 1003 2442 Jau.1798·
1025 2386 1061 2450 p.
1080 2376 1131 2437 18.
1152 2364 1320 2430 exhibere
1334 2365 1467 2434 dicitur

80 2492 248 2574 (Harless
269 2492 364 2558 brev.
399 2492 513 2561 Notit.
534 2491 645 2585 litter.
665 2491 787 2585 Graec.
808 2511 845 2577 p.
858 2492 957 2569 261.)
991 2485 1080 2553 novi
1106 2485 1240 2574 aliquid
1268 2488 1473 2577 exhibeant,

82 2617 178 2685 libro
209 2614 273 2680 illo
301 2636 420 2679 cerens
447 2614 563 2679 dicere
586 2635 733 2701 nequeo.
781 2613 859 2697 Ego
887 2611 1055 2676 intentu
1084 2611 1366 2697 recognoscendo
1397 2615 1477 2680 Mo·

82 2740 222 2806 nikium
244 2737 398 2802 maxime
419 2748 556 2801 secutus
577 2760 674 2823 aum,
710 2736 816 2826 plura
844 2745 960 2800 tamen
989 2758 1008 2800 a
1037 2733 1220 2800 Bruncltio
1248 2746 1396 2821 novata,
1433 2737 1475 2804 ab

82 2866 148 2933 illo
176 2873 312 2929 servata
344 2861 382 2925 in
411 2860 600 2950 pristinam
627 2858 865 2946 integritatem
885 2859 1026 2924 restitui
1060 2870 1164 2947 atque
1191 2858 1377 2932 innumere
1403 2862 1476 2931 sire

85 2988 231 3056 editoris
252 2988 326 3055 sive
345 2984 552 3073 typothetae
573 2982 662 3049 vitia
684 2982 789 3051 tacite
810 2982 976 3053 context·
1009 2996 1012 3003 '

528 3235 584 3318 Β.
635 3235 1033 3349 luraprerarioaes

504 3508 506 3513 .
648 3433 693 3523 a)
732 3428 904 3508 Latinae.

107 3595 141 3667 1)
170 3585 339 3673 Duportii
361 3582 642 3654 proteantur.
665 3588 756 3678 apud
778 3589 982 3656 Cudworth.
1002 3588 1026 3655 l.
1043 3589 1072 3683 J.

106 3717 145 3794 2)
170 3710 350 3789 ‚Cleanthis
381 3711 546 3800 Hymnus
576 3712 712 3778 Latinis
740 3714 897 3781 versibus
928 3713 1086 3783 redditus
1128 3727 1164 3782 et
1199 3716 1396 3784 illustratus
1435 3721 1476 3786 ab

173 3834 220 3902 H.
243 3834 281 3902 C.
303 3833 350 3902 H.
372 3835 503 3903 Weiss.
533 3835 637 3924 Prog.
657 3837 866 3927 Roteuburg
887 3837 928 3904 ad
948 3839 1040 3905 Tub.
1063 3851 1155 3916 1783·
1198 3843 1261 3923 (4.)
1315 3917 1326 3938 ‚

1249 3976 1271 4041 2
