4372 5782
754 1508 1154 1615 Cleanthis
1196 1506 1447 1613 Stoici

399 1704 600 1819 Hymnus
636 1706 679 1788 in
719 1704 749 1790 J
753 1736 878 1792 ovem
915 1705 1081 1790 auctori
1117 1732 1198 1791 nuo
1233 1706 1475 1793 vindicatus
1519 1712 1573 1794 ad
1613 1712 1793 1825 eiusque

838 1877 1080 1960 doctrinam
1125 1889 1361 1959 enarratus.

397 2055 525 2207 Quae
547 2116 666 2182 leudes
688 2139 708 2183 a
729 2118 987 2185 recentioribus
1007 2139 1082 2184 non
1102 2117 1233 2203 minue,
1256 2137 1359 2202 quam
1381 2139 1401 2182 a
1422 2121 1614 2207 veteribue‚
1632 2122 1795 2188 Cleanthi

369 2292 373 2299 .
396 2238 517 2304 Stoico
538 2239 636 2326 large
665 2240 942 2329 impertiuntur,
970 2260 1052 2304 sane
1080 2259 1154 2304 non
1183 2260 1229 2304 ex
1250 2240 1398 2306 minima
1419 2254 1520 2330 parte
1549 2245 1592 2308 nd
1621 2242 1795 2333 hymnum

394 2360 594 2428 referendae
614 2373 709 2449 sunt,
730 2364 772 2429 ab
794 2386 836 2429 eo
860 2363 899 2428 in
919 2360 1015 2429 lovis
1035 2361 1176 2427 laudem
1198 2364 1453 2449 compositum,
1486 2388 1557 2452 quo
1587 2390 1662 2433 non
1686 2369 1793 2436 modo

394 2486 608 2572 singularem
643 2509 742 2553 suam
771 2484 975 2554 testificatus
1009 2495 1061 2550 est
1094 2483 1283 2571 pietatem,
1325 2484 1385 2551 a'ed
1415 2487 1522 2552 etiam
1550 2488 1589 2553 in
1616 2512 1794 2558 summum

393 2609 567 2674 humanae
590 2610 783 2698 sapientiae
801 2618 987 2697 provectus
1011 2604 1204 2692 festigium.
1244 2605 1346 2692 Quae
1363 2609 1613 2699 philosophiae
1634 2634 1715 2699 pare
1734 2636 1794 2702 ge·

395 2734 473 2799 neri
490 2734 645 2800 humano
663 2735 817 2800 maxime
832 2728 994 2799 salutarie
1009 2739 1079 2815 ant,
1109 2726 1179 2795 Dei
1198 2727 1278 2796 dico
1301 2733 1562 2820 coguitionem,
1588 2759 1665 2804 eam
1683 2740 1788 2826 aptio,

394 2856 518 2942 clario,
553 2857 687 2922 ornatio
717 2856 834 2924 verbio
862 2856 917 2922 ita
934 2852 1094 2940 aperuit,
1129 2861 1171 2917 ut
1199 2853 1243 2917 ad
1269 2852 1410 2929 divinoe
1439 2869 1580 2925 nostrae
1606 2860 1792 2959 religionis

396 2981 535 3048 decreta
565 2982 715 3072 propius
746 2980 927 3048 accessisse
954 2978 1134 3060 videatur,
1172 3001 1276 3065 quam
1299 2978 1341 3045 ad
1368 3002 1472 3049 auum
1490 2984 1604 3072 ipsius
1626 2998 1790 3075 systema.

393 3103 447 3172 At
460 3128 600 3174 carmen
626 3107 694 3173 hoc
720 3128 792 3172 ense
807 3094 1002 3180 Chrietiani
1015 3102 1195 3169 cuiusdam
1207 3103 1436 3194 philosophi,
1465 3129 1510 3173 ne
1528 3109 1607 3196 quie
1625 3109 1694 3176 eibi
1710 3132 1790 3199 per.

392 3233 553 3318 suadeat,
574 3252 751 3319 paganum
771 3252 843 3302 enee
865 3230 940 3297 eiua
954 3238 1153 3311 auctorem,
1176 3227 1314 3296 etiamsi
1333 3230 1549 3318 intelligenti
1566 3236 1641 3301 sola
1661 3235 1790 3325 hymni

391 3355 499 3422 verba
517 3356 600 3422 aetia
614 3353 994 3441 demonstrant‚·iusiue
1013 3365 1132 3419 tamen
1148 3353 1274 3420 docere
1296 3354 1442 3423 ‘conatus
1460 3369 1512 3423 est
1520 3358 1566 3424 G.
1578 3359 1617 3426 Ο.
1630 3359 1669 3428 F.
1683 3358 1790 3425 Mola·

391 3481 475 3547 nike
500 3504 537 3570 p.
559 3495 629 3558 130.
651 3479 755 3549 libris
783 3479 942 3547 Kleanth
970 3479 1032 3546 deu
1064 3478 1215 3545 Stoiker.
1258 3481 1351 3549 Erat.
1370 3480 1524 3555 Bindch.
1566 3481 1804 3551 Greifew‘ald.·

391 3613 485 3680 1814
533 3605 584 3673 Ut
615 3605 846 3694 antiquitatie'
864 3604 1008 3691 aliquod
1029 3615 1297 3674 monumentum
1325 3606 1368 3672 ab
1390 3607 1488 3674 omni
1510 3617 1611 3695 parte
1632 3606 1789 3675 illustra·

392 3740 470 3815 tur,
501 3729 567 3794 etei
597 3741 675 3796 ante
708 3733 824 3798 omnia
853 3728 893 3795 de
923 3730 997 3796 eine
1025 3740 1167 3795 auctore
1190 3740 1225 3796 et
1247 3741 1357 3797 aetate
1378 3729 1579 3818 disquisitio
1608 3741 1660 3797 eet
1687 3731 1788 3798 insti·

391 3853 540 3938 tuende,
584 3851 688 3940 idque
728 3877 769 3921 eo
806 3853 1031 3941 diligentius,
1079 3864 1211 3944 quanto
1252 3854 1330 3940 quis
1360 3857 1601 3925 ‘incertiorem
1634 3854 1788 3929 reddidit

1555 3995 1573 4053 1
