4380 5812
1030 300 1133 379 VIII

575 501 753 600 Contigit
766 502 856 577 huic
877 481 970 590 viro,
997 504 1106 601 quod
1132 503 1269 578 nescio
1295 526 1347 581 an
1372 517 1594 586 exterorum
1621 511 1709 601 ulli,
1742 530 1793 602 ut,

372 609 518 732 ‘meato
533 650 688 729 Seuutm
702 653 939 752 Amplissimi
964 653 1005 727 d.
1029 652 1080 731 X.
1104 651 1342 733 Novembris
1368 656 1460 733 euni
1484 659 1637 758 prioris,
1667 665 1793 761 publi·

380 831 469 883 cum
497 804 701 903 Gymnasii
728 802 984 913 Auditorium
1023 803 1059 879 ei
1094 802 1328 904 aperiretur,
1372 807 1438 885 ubi
1469 809 1721 903 juventutem
1757 815 1792 888 iu

377 960 568 1034 bonarum
596 954 736 1031 artium
750 954 885 1030 studia
910 952 1200 1033 incumbentem
1227 955 1412 1046 erudiret,
1440 971 1558 1059 atque
1584 963 1636 1037 ud
1657 963 1792 1039 huma·

318 1112 321 1120 ⁴
378 1109 540 1184 nitatem
567 1106 803 1181 informaret.
1524 1094 1528 1100 ’

578 1252 959 1331 Commentationem
986 1255 1073 1348 ejus
1099 1280 1221 1354 quum
1248 1256 1426 1335 studiose
1435 1257 1643 1359 legissem,
1673 1261 1792 1338 incile

379 1406 568 1492 intellexi,
596 1404 731 1481 literas
758 1403 1033 1500 literarumque
1059 1403 1263 1485 hismriam
1279 1407 1370 1504 plus'
1388 1408 1589 1486 habituras
1607 1411 1790 1487 utilitatis

376 1570 415 1633 et
430 1556 586 1632 decoris
604 1580 655 1631 ex
678 1579 726 1630 eu
743 1552 1025 1650 disputatione,
1053 1578 1168 1652 quae,
1198 1553 1389 1631 uberioris
1407 1561 1680 1637 commentarii
1699 1587 1789 1659 ope,

374 1733 454 1784 non
473 1707 591 1783 modo
608 1705 791 1801 hymnum
809 1702 1035 1781 Christiano
1061 1716 1152 1780 vute
1177 1703 1454 1804 dignissimum,
1472 1706 1696 1784 vindicaret
1722 1735 1789 1785 uu-

376 1857 473 1933 ctori
487 1880 573 1943 suo,
590 1854 760 1929 Zenonis
772 1853 973 1951 discipulo
987 1863 1029 1931 et
1041 1855 1228 1954 mugistro
1243 1854 1508 1953 chrysippum
1520 1882 1653 1933 verum
1669 1860 1788 1936 etium

375 2006 600 2084 accuratius
619 2012 825 2079 excuteret
841 2004 1082 2101 theologiam
1100 2004 1337 2092 Stoicorum,
1365 2005 1663 2083 subtilissirnam
1678 2009 1788 2085 illurn

376 2171 416 2232 et
441 2153 661 2241 disserendi
687 2153 810 2251 spinis
838 2153 1006 2239 maxime
1032 2152 1241 2237 horridam.
1284 2223 1288 2231 .

575 2304 690 2381 Hauc
717 2303 834 2411 igitur
859 2303 1166 2402 disputationem
1192 2304 1350 2383 intuens
1376 2329 1457 2379 non
1481 2307 1785 2393 alienandum

374 2462 580 2535 doctorum
606 2457 808 2533 homiuum
833 2454 1016 2551 ingeniis,
1042 2480 1209 2554 quorum
1240 2455 1454 2557 auctoritas
1479 2456 1519 2531 iu
1545 2457 1613 2535 illo
1638 2482 1786 2554 genere

372 2609 581 2708 plurimum
608 2607 725 2692 valet,
753 2604 974 2703 relinquere
1000 2606 1085 2699 ejus
1104 2607 1285 2690 fructum,
1314 2605 1485 2702 mihique
1501 2605 1665 2679 retinere
1692 2628 1784 2679 eru-

373 2760 496 2835 ditum
524 2758 723 2854 pulverem
749 2768 790 2831 et
818 2754 992 2833 Nasonis
1019 2782 1180 2833 errores.

406 2963 441 3031 ⁶)
461 2958 645 3030 Philosophiae
664 2955 841 3027 Cio-puppem
850 2953 1038 3025 summata.
1057 2956 1087 3009 iu
1105 2956 1250 3012 notionum
1269 2953 1454 3022 dispositione
1471 2952 1572 3021 posita,
1591 2952 1785 3021 cirogrnentis

461 3048 592 3111 restituit,
613 3055 697 3116 atque
717 3051 783 3098 unte
801 3044 851 3098 hos
870 3043 942 3098 duos
961 3036 1053 3098 uunos'
1068 3043 1166 3106 edidit,
1192 3041 1437 3114 conjunctissimus
1454 3039 1536 3096 nobis
1554 3040 1669 3094 Auctor.
1689 3039 1781 3094 Meri-

459 3144 515 3191 tum
536 3152 601 3190 vero
620 3136 686 3188 iude
704 3132 768 3186 tulit
786 3132 899 3198 samum,
918 3132 1051 3187 laudatus
1069 3147 1134 3185 cum
1145 3131 1181 3184 ab
1192 3129 1254 3184 aliis
1264 3132 1429 3187 censoribus
1441 3127 1570 3200 publius,
1589 3134 1648 3181 tum
1657 3127 1782 3181 maximo

458 3226 496 3278 ab
516 3223 676 3279 Huimuibus
694 3230 723 3276 et
742 3219 967 3284 Βενοὶίηωίόω,
986 3227 1099 3289 propter
1118 3219 1255 3288 insignem
1274 3219 1449 3288 diligentium
1466 3218 1496 3272 iu
1509 3215 1655 3286 principiis
1674 3217 1782 3270 consti-

457 3313 570 3367 tuendis
588 3321 616 3366 et
633 3308 817 3366 subtilitatem
835 3310 864 3364 in
882 3307 1019 3363 ducendis
1038 3308 1104 3363 inde
1121 3308 1358 3364 conclusionibus.
1394 3308 1525 3377 (Allgem.
1536 3309 1589 3363 Lit.
1602 3307 1673 3360 Zelt.
1695 3307 1779 3360 Num.

460 3407 518 3457 lea.
538 3403 650 3469 August
671 3404 739 3455 1825
756 3405 786 3454 et
804 3398 931 3454 Bmllner
949 3396 1128 3452 Jahrbiieher
1145 3397 1195 3450 der
1213 3397 1317 3474 liritilc
1338 3398 1496 3471 December
1516 3401 1597 3452 lm

535 3488 595 3543 Nec
614 3488 722 3558 pigebit
739 3489 866 3551 lectores,
885 3486 948 3556 qui,
971 3501 1045 3555 quae
1066 3503 1133 3539 sous
1152 3485 1258 3538 Auctor
1277 3487 1401 3541 attulerit
1422 3484 1454 3541 ds
1471 3486 1621 3540 Stoicorum
1640 3486 1777 3554 riccimiri,

453 3574 582 3645 judicare
601 3584 734 3645 possunt,
757 3593 821 3630 euru
848 3575 1005 3631 enuncians
1030 3576 1091 3643 ejus
1111 3573 1251 3633 conferre,
1277 3591 1351 3644 quue
1368 3574 1548 3645 disputarunt
1566 3573 1616 3627 W.
1637 3573 1667 3624 Τ.
1688 3572 1776 3640 Kruq,

454 3663 640 3733 (Geschiclrte
658 3664 686 3718 d.
706 3663 812 3719 Philus.
832 3667 902 3720 alter
925 3666 988 3719 Zeit
1013 3667 1035 3729 §.
1057 3667 1109 3717 124
1126 3668 1155 3716 et
1177 3663 1245 3733 146)
1263 3663 1384 3731 itemque
1404 3661 1441 3715 D.
1461 3660 1624 3716 Iidmsns
1646 3660 1778 3728 (system

452 3751 505 3807 der
522 3750 660 3806 stoischen
680 3751 786 3807 Pullos.
811 3771 877 3824 pag.
900 3759 950 3809 109
969 3770 1006 3807 ss.
1033 3750 1225 3821 imprimisque
1249 3768 1314 3820 pag.
1336 3750 1420 3821 121),
1446 3750 1497 3804 viti
1515 3750 1545 3804 iu
1563 3751 1616 3805 hoc
1633 3748 1775 3803 literarum

451 3854 553 3906 genere
570 3840 814 3907 praestantissimi.
1231 3849 1233 3853 ’
1484 3838 1491 3853 '
