4380 5812
965 465 1216 540 ...27-

393 653 533 721 dirinae
556 653 727 736 actionis,
757 647 803 717 ut'
825 651 874 716 ita
903 649 1031 736 dicam,
1053 650 1181 738 gradus
1203 651 1250 718 ed>
1266 656 1419 718 mentem
1441 650 1645 719 Stoicorum
1665 654 1791 721 distin·

393 779 523 866 gueudi
544 789 639 863 sunt,
662 777 723 864 qul
744 777 814 846 hoc
835 776 941 843 etiem
954 777 1035 844 loco
1055 776 1208 864 peritum
1219 775 1340 865 fugere
1362 799 1433 845 non
1448 788 1615 865 possunt,
1635 779 1791 867 plerum·
1912 821 1917 840 0

393 927 461 993 que
482 916 633 992 quatuor
652 917 920 973 enumerantur:
943 905 1004 983 ἕξις
1018 901 1203 989 (habitus),
1223 899 1316 988 ’φύσις
1331 899 1503 988 (n'ature),
1524 898 1610 992 ψυχὴ
1625 902 1790 993 (anima),

392 1035 465 1108 voit,-
485 1030 613 1112 (mens)
634 1031 784 1110 (Anton.
800 1029 954 1115 ‘VI.14);
976 1051 1080 1118 saepe
1094 1038 1173 1097 'tres
1193 1034 1332 1096 tantum
1354 1040 1415 1095 aut
1436 1029 1588 1116 habitus,
1610 1040 1736 1097 natura
1757 1044 1792 1099 et

396 1155 513 1220 anime
533 1154 648 1237 (Sext.
671 1148 775 1243 Emp.
799 1153 892 1222 VIII.
915 1148 945 1244 ᾗ.
966 1165 1035 1238 st),
1057 1167 1117 1221 aut
1134 1156 1286 1235 habitus,
1308 1166 1434 1223 nature
1456 1165 1491 1222 et
1511 1177 1623 1242 mens,
1643 1156 1701 1222 vel
1721 1156 1791 1224 duo

395 1291 532 1345 tantum
554 1280 694 1346 habitus
716 1292 751 1346 et
771 1298 868 1347 mens
890 1277 1102 1368 (Diopvn.
1127 1289 1221 1368 139);
1250 1280 1344 1371 quod
1365 1278 1543 1366 quomodo
1563 1277 1644 1345 ¹fieri
1666 1282 1792 1368 possit,

396 1407 490 1492 ipsae
511 1406 641 1472 docent
661 1408 825 1474 notiones
853 1406 936 1472 illae
964 1426 1060 1470 nunc
1081 1403 1224 1471 latiores
1252 1426 1347 1470 nunc
1368 1404 1536 1470 arctiores
1558 1405 1792 1494 accipiendae.

397 1532 544 1597 Habitare
566 1543 617 1598 est
638 1533 694 1597 vis
705 1521 888 1617 naturalis,
911 1546 998 1616 quae
1011 1529 1172 1595 cernitur
1193 1529 1232 1594 in
1248 1528 1457 1618 corporibus
1471 1528 1570 1595 nulla
1584 1531 1661 1596 vita
1673 1530 1792 1597 fruen-

392 1657 519 1742 tibus,¹
554 1647 693 1725 Nutu'rc
728 1656 781 1723 vis
811 1667 845 1721 et
873 1655 949 1744 ipsa
978 1654 1166 1741 naturalis,
1186 1655 1263 1722 rite
1283 1653 1462 1744 praedita,
1491 1677 1579 1742 quoe
1601 1655 1639 1721 in
1661 1653 1792 1746 plantis

395 1800 585 1869 earumque
612 1779 782 1848 similibus
811 1800 846 1845 se
874 1778 1017 1864 prodit3
1053 1780 1175 1844 Anima
1211 1780 1262 1844 vis
1298 1778 1468 1843 naturalis
1505 1779 1544 1846 in
1583 1781 1793 1848 animalibua

393 1926 585 1996 apparens3
615 1899 888 1991 mandentque
918 1902 975 1970 ris
994 1902 1166 1970 naturalis
1195 1901 1398 1969 hominibus
1427 1912 1462 1966 at
1483 1902 1564 1968 Diis
1584 1906 1792 1972 communis.

394 2028 469 2116 Qui
484 2030 608 2117 gradm
621 2028 792 2096 eiusmodi
804 2039 898 2115 suut,
920 2040 962 2093 ut
974 2030 1138 2120 superior
1157 2030 1303 2117 quicque
1325 2025 1512 2093 inferiores
1527 2027 1795 2117 complectatur,

394 2152 583 2219 inferiores
605 2156 644 2219 in
666 2152 908 2243 superioribus
929 2154 1100 2241 repetitae
1121 2178 1164 2220 eo
1185 2154 1291 2219 latius
1312 2150 1487 2238 pateant'
1508 2152 1632 2238 ltaque
1654 2153 1794 2219 habitus

394 2277 519 2343 ceteris
540 2276 696 2345 inferior
716 2279 753 2344 in
776 2279 936 2344 omnibus
958 2278 1197 2366 conspicitur,
1218 2284 1343 2365 utpote
1363 2274 1418 2339 vis
1439 2274 1554 2359 ignea,
1587 2274 1794 2344 intentionie

395 2414 431 2467 et
452 2401 669 2469 remissionis
691 2422 851 2495 compos,
873 2403 1094 2469 intercedens
1115 2402 1341 2468 interiorem
1357 2397 1583 2465 otmundum.
1603 2399 1676 2466 Hic
1695 2401 1795 2467 hebi-

393 2540 576 2614 tus,senau
597 2529 770 2595 latissimo
793 2548 914 2594 omnes
936 2525 1062 2613 gradus
1083 2527 1474 2614 complectens,noetro'
1488 2522 1574 2588 locu
1589 2525 1682 2590 ratio
1703 2548 1794 2593 com·

393 2643 512 2717 munis
534 2648 694 2736 roratur,
707 2651 825 2718 omnia
847 2650 1044 2739 permeans,
1070 2651 1188 2716 omnia
1206 2669 1329 2736 regens
1350 2646 1460 2726 <Pria
1472 2646 1571 2712 Stolo
1593 2670 1667 2738 rep.
1680 2656 1793 2733 0234).

394 2774 507 2858 Mens,
531 2793 619 2862 qnae
640 2785 676 2839 et
696 2775 775 2861 ipsa
795 2774 834 2838 in
856 2796 898 2840 eo
920 2774 1155 2863 conspicitur,
1178 2794 1298 2838 rursus
1319 2795 1399 2839 suos
1420 2772 1525 2839 habet
1546 2773 1687 2858 gradus,
1709 2765 1793 2861 quass

396 2910 496 2964 tenna
527 2908 589 2963 aut
614 2898 652 2963 in
682 2897 908 2986 homiuibus,
939 2898 1000 2965 eut
1031 2902 1070 2966 in
1090 2899 1170 2967 Diis
1193 2909 1253 2964 aut
1272 2898 1312 2964 in
1334 2897 1440 2962 unico
1461 2918 1600 2963 summo
1621 2897 1794 2987 Deorum,

392 3023 492 3110 Jove,
515 3035 576 3091 est.
618 3023 758 3113 Jupiter
779 3035 895 3091 autem
916 3048 935 3092 e
957 3025 1137 3091 Cleanthis
1157 3022 1330 3090 sententia
1358 3020 1493 3087 insule
1515 3020 1650 3088 habitat
1671 3020 1794 3113 (Πίος.

395 3146 473 3214 vlt.
496 3162 559 3225 139
568 3157 593 3234 l,
637 3147 731 3235 quod
762 3149 877 3215 solum
898 3152 1088 3241 posteriori
1119 3172 1238 3218 versus
1259 3146 1388 3215 decimi
1415 3146 1515 3214 tertii
1537 3147 1633 3234 parti
1656 3168 1796 3217 sensum
1827 3147 1831 3153 ⁴

397 3271 538 3356 tribuit,
561 3272 591 3336 si
613 3270 792 3359 vulgatam
814 3275 955 3360 quidem
977 3277 1169 3343 retinemus
1190 3275 1396 3352 lectionem,
1417 3258 1548 3340 temere
1569 3295 1589 3339 a
1611 3270 1792 3341 Brunckio

393 3407 585 3480 mutatam3
612 3397 744 3463 etenim
764 3403 841 3487 μέγα
856 3398 935 3485 φάος
948 3414 1001 3468 est
1020 3397 1086 3489 sol,
1100 3421 1203 3490 quem
1224 3403 1255 3467 si
1272 3400 1410 3490 plurali
1431 3418 1580 3465 numero
1600 3397 1707 3485 dixit,
1726 3398 1794 3467 hoc

395 3521 520 3609 poiitee
542 3522 656 3590 licuit.
699 3522 758 3590 Ex
779 3523 853 3589 sole
874 3520 1005 3614 igitur,
1034 3526 1169 3617 quippe
1197 3528 1259 3615 qui
1280 3526 1347 3594 Dei
1377 3525 1567 3611 osteodes,
1596 3525 1794 3591 communis

393 3647 459 3712 illo
488 3646 580 3711 ratio
610 3649 787 3735 originem
814 3649 911 3717 ducit
939 3653 997 3720 vel
1022 3650 1240 3744 principium
1276 3651 1391 3739 capit,
1418 3650 1514 3717 'unde
1549 3668 1587 3716 ae
1620 3649 1795 3719 immiscet

394 3774 519 3841 ceteris
550 3772 760 3853 luminibus,¹
780 3777 882 3842 lurtae
905 3790 939 3844 et
959 3780 1088 3846 stellis.
1139 3772 1347 3846 Genitirum
1374 3776 1422 3843 ita
1448 3772 1601 3864 pendere
1635 3797 1657 3842 a
1686 3776 1792 3844 'verto

393 3909 529 3988 μίγννμι,
543 3900 696 3987 aliquem
710 3897 888 3967 oflendere
899 3910 1028 3986 potest,
1047 3906 1160 3988 neque
1172 3897 1292 3969 temen
1300 3897 1373 3969 lmo
1382 3899 1793 3990 genitivisiguilieetiodi

1522 4034 1543 4098 ⁴
1565 4029 1581 4062 8
