4380 5812
1039 362 1097 463 iv

366 587 616 686 gratificandi
644 583 899 675 voluntateni,
928 616 979 665 an
998 586 1307 688 magnitudinem
1336 588 1655 690 celeritatemque
1684 614 1781 668 con·

366 736 441 813 silii
479 737 521 811 in
557 736 844 835 amplificandis
878 738 1061 836 publicae
1097 737 1352 814 institutionis
1378 739 1533 816 finibus.
1586 740 1646 816 En
1671 765 1778 828 vero,

365 885 460 984 quid
487 885 569 961 fieri
595 887 796 984 placuerit.

562 1036 772 1111 Auxerunt
806 1041 973 1137 primum
1014 1048 1094 1114 tres
1136 1038 1276 1137 reliqui
1318 1039 1513 1138 Gymnuni
1552 1040 1780 1139 professores

366 1211 518 1259 suarum
539 1186 706 1285 quisque
725 1188 948 1263 scholarum
964 1213 1181 1275 numerum,
1208 1188 1318 1264 nullo
1337 1188 1542 1286 provocati
1559 1190 1777 1279 monitore3

365 1337 504 1421 dende,
542 1360 620 1433 quo
649 1337 777 1443 acrius
802 1336 1104 1437 incenderentur
1140 1338 1364 1415 communia
1400 1339 1600 1415 literarum
1628 1340 1775 1426 studia,

364 1484 524 1583 publice
549 1489 691 1562 euocati
714 1498 800 1560 sent
827 1512 873 1562 ee
897 1482 1067 1563 Ioannou
1096 1484 1331 1584 Professores
1354 1478 1544 1589 quatuor,
1585 1491 1776 1584 conjunc·

364 1634 504 1731 tissimi
532 1635 713 1734 collegae
738 1636 881 1724 nostri,
917 1637 1003 1735 qui,
1041 1637 1081 1712 in
1112 1638 1275 1713 summis
1309 1640 1639 1738 occupationibus
1674 1638 1774 1727 suis,

365 1795 519 1882 quantu:
534 1785 671 1861 labore
698 1797 739 1860 et
755 1785 885 1862 studio
912 1785 1098 1873 caverint
1125 1811 1176 1860 ne
1198 1787 1299 1885 quid
1320 1789 1543 1864 detrimenti
1569 1814 1633 1864 res
1651 1790 1775 1889 Gym-

365 1933 465 2009 nasii
490 1934 662 2010 literaria
688 1948 861 2035 cuperet,
888 1937 1001 2012 inter·
1015 1936 1157 2025 omnes
1178 1942 1360 2012 constat„
1408 1938 1596 2013 Accessit
1621 1942 1777 2039 denique

364 2086 576 2160 voluntaria
605 2110 718 2184 opero
744 2085 925 2163 Virorum
946 2089 1202 2185 quorumdum,
1217 2085 1299 2184 -qui
1325 2085 1512 2182 singulari
1534 2090 1777 2185 praestantis

365 2233 570 2313 doctrinae
597 2245 647 2311 et
683 2235 887 2312 studiosae
913 2234 1301 2330 iuventutissanrore
1333 2234 1503 2324 incensi,
1544 2235 1775 2312 docentium

364 2393 509 2481 partes.
522 2385 625 2465 ultro
648 2394 872 2484 suscepere.
923 2385 1057 2460 Tanta
1080 2385 1140 2461 ris
1166 2396 1251 2462 erat
1267 2385 1466 2463 hominurn
1480 2386 1594 2465 'bane
1619 2410 1775 2464 meren·

365 2535 481 2625 tium;
509 2545 626 2615 tanta
643 2535 756 2635 quusi
775 2534 961 2612 sementis
979 2535 1171 2611 bonarum
1181 2535 1386 2613 literarum
1411 2536 1454 2610 in
1469 2547 1607 2610 nostro
1626 2537 1774 2634 agello.

562 2685 676 2764 Grati
716 2685 888 2784 laetique
917 2688 1217 2783 agnmcnmm,
1269 2684 1408 2772 Cives,
1461 2684 1771 2783 magnitudinem

357 2834 528 2933 publicos
560 2834 828 2921 liberalitatis:
869 2837 982 2932 cujus
1019 2835 1060 2912 in
1098 2835 1237 2912 laudes
1269 2834 1666 2934 praedicationesque
1689 2861 1774 2933 quo

364 2985 490 3065 minus
517 2987 774 3075 effundamus,
800 2987 887 3086 ipsu
913 2987 1046 3063 obstat
1073 2985 1324 3073 verecundie,
1351 2987 1465 3080 cujus
1484 2986 1636 3062 reniam
1654 2986 1775 3062 facile

363 3158 437 3229 nos
464 3148 748 3215 consecuturos
775 3162 989 3236 speremus.
1051 3136 1107 3212 Ut
1134 3145 1264 3211 autem
1301 3137 1351 3211 de
1376 3160 1454 3210 ma
1485 3160 1632 3234 rasaque
1658 3140 1772 3211 disei-

357 3286 469 3384 plina
495 3286 637 3376 dicam,
666 3288 775 3387 quud
801 3297 969 3387 purast,
996 3287 1053 3363 sic
1080 3288 1289 3363 habetote:
1318 3287 1436 3370 Quod
1462 3286 1661 3363 literarum
1689 3311 1772 3375 rna·

363 3434 496 3533 gistris
529 3437 698 3516 maxime
732 3439 907 3537 optabile
944 3437 1069 3514 videri
1103 3437 1224 3524 solet,
1268 3445 1313 3510 ut
1346 3434 1545 3535 praeteriti
1579 3437 1773 3533 temporis

362 3585 657 3665 reminiscentes
684 3587 809 3688 erigat
832 3600 873 3665 et
897 3600 1048 3665 recreet
1064 3586 1249 3684 cogitatio
1277 3586 1394 3663 officii
1423 3610 1624 3685 nunquam
1649 3586 1772 3660 inter-

363 3735 472 3813 missi
499 3748 539 3813 et
555 3738 801 3817 conscientia
825 3765 969 3840 operae
983 3740 1089 3815 haud
1115 3736 1305 3816 inutiliter
1326 3746 1516 3813 navatae:
1543 3734 1584 3811 id
1601 3734 1773 3832 contigit

363 3887 532 3978 etmihi,
560 3913 880 3991 snnuumprope
910 3890 1130 3968 studiorum
1158 3886 1490 3989 gymnasticurum
1529 3883 1771 3961 curriculum
