4380 5812
682 440 925 514 ..41-

258 634 302 719 J.
349 636 407 721 a.
453 634 508 715 c.
558 629 804 731 Lehmann,
854 580 985 713 Mea
1016 649 1054 712 er
1093 632 1203 717 rut
1248 634 1330 719 nr.

427 786 587 895 Physic.
619 801 657 865 et
685 783 798 869 Hist.
830 785 931 870 Nat.
970 784 1088 894 Prof.
1121 785 1174 869 P.

107 953 291 1077 Samarra-i,
314 995 408 1091 quod
428 997 554 1081 instat,
587 996 711 1060 aestiuo
742 992 861 1060 diebus
890 998 1006 1063 Lunna
1034 1007 1070 1061 ct
1097 998 1225 1064 Mortis
1252 997 1331 1062 hor.
1351 998 1498 1083 Ix-x,

103 1130 198 1194 lovis
224 1137 258 1189 ct
300 1125 434 1191 Veneris
471 1124 550 1189 hor.
585 1120 687 1187 Xl-
701 1117 767 1188 XII
802 1121 939 1187 scholas
973 1122 1015 1188 ds
1043 1125 1205 1191 Batauica
1243 1124 1422 1190 uniuersali
1454 1148 1499 1191 ax

104 1255 191 1319 mais
225 1251 338 1342 ipsius
374 1247 547 1316 schedulis
581 1244 621 1310 in
654 1244 760 1312 horto
790 1247 956 1314 botanico
978 1248 1165 1315 'habendas
1199 1247 1326 1316 offero:
1362 1250 1500 1336 quibus,

104 1388 274 1466 quantum
295 1357 361 1464 pro
384 1372 483 1439 horti
504 1370 617 1435 nostri
639 1371 766 1458 opibus
783 1370 862 1436 lieri
883 1382 1011 1458 potest,
1032 1373 1252 1461 singularum
1272 1373 1378 1439 simul
1400 1375 1501 1440 arbo·

104 1526 184 1569 rum
205 1501 443 1589 stirpiumqua
465 1506 628 1562 naturam
650 1495 842 1585 explicare,
865 1508 899 1562 et
921 1519 1040 1563 aarum
1061 1507 1177 1586 partas
1204 1496 1442 1563 demonstrare
1463 1499 1501 1563 in

104 1626 262 1693 animum
284 1624 426 1711 induxi,
449 1643 504 1688 eas
514 1619 739 1709 potissimum
750 1621 940 1686 selecturus
952 1619 1098 1709 specics,
1114 1640 1203 1708 quaa
1216 1622 1273 1688 val
1288 1623 1395 1710 lagos,
1418 1645 1502 1711 quaa

103 1753 180 1841 ipsa
201 1763 326 1816 natura
346 1744 606 1813 informatione
616 1745 818 1831 plantarum
842 1747 1014 1829 sequitur,
1034 1746 1312 1812 luculentissima
1333 1747 1502 1836 produnt,

105 1877 162 1943 rel
183 1877 288 1941 ctiam
309 1895 393 1963 praa
420 1870 545 1936 catoris
568 1868 766 1954 excellunt,
798 1868 872 1936 sire
896 1867 1069 1957 singulari
1090 1869 1237 1955 quadam
1263 1884 1439 1938 structura
1469 1885 1504 1939 at

103 1999 255 2067 mirifica
274 2000 433 2087 ipsarum
457 1992 583 2080 forma,
605 1993 676 2060 siva
698 1994 844 2079 eximia,
866 2016 974 2080 quam
994 1992 1160 2080 afferunt,
1181 1994 1346 2065 utilitate.

313 2119 495 2186 Arborum
507 2138 592 2184 vero
603 2115 839 2204 fruticumque
851 2118 954 2183 floras
976 2129 1010 2181 et
1025 2116 1179 2203 frondes,
1210 2118 1398 2185 herbarum
1418 2120 1504 2185 itam

105 2249 243 2333 intcgra
265 2244 440 2331 exempla,
464 2253 640 2328 quotquot
660 2263 780 2305 aarum
802 2240 956 2305 alienare
967 2240 1101 2324 licebit,
1125 2241 1163 2305 in
1181 2241 1392 2309 discentium
1403 2265 1505 2310 usum

106 2370 264 2455 dissecta,
287 2368 411 2454 quovis
430 2366 482 2430 dia
497 2364 672 2439 Mercurii,
696 2363 737 2429 ab
749 2366 837 2429 hora
851 2363 904 2428 lV
925 2363 1020 2448 inda,
1043 2363 1265 2452 cupientibus
1286 2366 1504 2434 distribuam.

314 2509 473 2575 Omnino
495 2531 539 2574 na
561 2531 628 2597 qua
650 2508 703 2574 rai
717 2507 897 2574 herbariae
919 2507 1085 2575 studiosis
1107 2509 1197 2575 desit
1218 2510 1321 2598 copia
1339 2512 1505 2578 scientias

108 2634 300 2721 augendae,
321 2634 458 2721 sinqulis
472 2633 614 2700 Saturni
628 2635 754 2714 diebus,
782 2636 872 2702 hora
893 2632 1071 2726 1V7-vt1
1091 2634 1150 2701 vel
1171 2634 1268 2721 Vlll,
1299 2634 1342 2700 ad
1365 2636 1505 2724 stirpes,

106 2780 195 2846 quaa
224 2759 262 2823 in
291 2758 385 2844 agris
414 2770 450 2823 ct
470 2760 600 2846 pratis,
631 2760 670 2825 in
702 2759 890 2849 paludibus
918 2770 955 2824 ct
982 2759 1092 2848 sylvis
1120 2771 1246 2848 sponte
1277 2761 1507 2848 proveniunt,

106 2880 307 2949 scrutandas
330 2895 365 2946 et
386 2884 662 2968 conquirendas,
691 2884 769 2950 loca
796 2883 920 2949 urbam
948 2885 1228 2970 circumjacentia
1257 2886 1505 2953 comitantibus

110 3009 181 3074 illis
202 3006 435 3094 perlustrabo.

315 3132 463 3197 Hiberna
486 3133 582 3218 hujus
610 3132 691 3196 anni
719 3132 865 3196 seusatri
895 3141 1016 3221 quatar
1044 3150 1109 3218 par
1137 3130 1389 3198 hebdomadam
1420 3136 1506 3202 hora

110 3257 286 3324 x1-x11.
329 3260 518 3324 Historiam
548 3259 732 3325 naturalem
760 3255 967 3321 animalium
995 3255 1170 3342 majorum
1198 3279 1224 3320 s.
1251 3258 1506 3347 mammalium,

109 3382 239 3460 arium,
262 3385 525 3471 amphibiorum
547 3396 582 3450 at
593 3385 757 3473 piscium,
780 3380 970 3448 secundum
991 3380 1508 3453 enchiridiiBlumanbachiani

107 3508 297 3575 editionem
322 3504 1044 3596 undecimamffioeuing.1825)doceb0·
1087 3508 1206 3593 Atque
1237 3508 1274 3572 in
1305 3507 1359 3573 his
1382 3510 1517 3617 studii·n

105 3634 328 3699 moderandis
350 3634 398 3701 ita
423 3636 597 3721 versabor,
624 3647 663 3700 ut
685 3655 756 3699 non
777 3633 905 3717 solum,
928 3653 1014 3718 qnae
1035 3631 1077 3697 ad
1099 3656 1217 3699 omnam
1239 3635 1428 3724 Zooloqium
1450 3637 1506 3701 in·

104 3757 331 3844 telligandarn
354 3760 544 3824 neccssaria
566 3770 666 3845 sunt,
705 3779 973 3847 praemonaam,
1003 3759 1063 3824 sad
1089 3774 1125 3825 ct
1154 3761 1293 3846 longius
1316 3784 1506 3829 excurrens

105 3904 145 3947 ca
169 3882 295 3968 ubique
317 3884 520 3971 respiciam,
543 3906 630 3971 quas
652 3883 696 3949 ad
717 3884 893 3951 mdicinoa
915 3883 1070 3950 studium
1092 3887 1188 3952 riam
1209 3887 1465 3973 praemuniant.

1197 4013 1254 4081 6*
