4380 5812
966 431 1216 501 ...20-

389 615 544 703 grariter
565 613 684 680 efferri
713 587 907 702 repetendo·
927 614 1098 681 vocabulo
1126 613 1200 682 σοῦ’
1224 613 1391 699 quisque,
1423 613 1576 702 opinor,
1602 614 1795 702 intelliget.

389 739 457 804 Sed
471 738 548 803 eolo
563 732 621 804 oei
634 739 783 828 scripto,
794 751 944 805 metrum
959 737 1139 825 claudicat,
1157 758 1366 829 quemquam
1381 737 1555 804 eiusmodi
1569 760 1691 804 verena
1716 762 1791 805 non

391 864 537 928 omnino
574 864 697 948 rejecti
735 875 817 929 aunt
846 864 993 948 (Herm.
1024 863 1092 952 Ep.
1120 860 1151 954 ᾗ.
1171 875 1237 942 314
1259 873 1295 929 et
1315 868 1412 941 321.)
1464 862 1537 929 Ηίο
1567 863 1674 929 etiam
1703 865 1791 931 ferri

390 987 504 1072 poscit
531 987 658 1053 incisio
692 1000 843 1077 propter
869 988 1025 1061 eiusdem
1053 990 1152 1057 verbi
1173 988 1445 1076 repetitionem,
1480 989 1691 1073 praesertim
1713 1010 1794 1055 cum

391 1113 616 1199 Empedoclis
643 1113 782 1197 legatur
803 1133 921 1185 verane
943 1112 992 1177 ita
1014 1124 1250 1200 comparatur,
1293 1111 1356 1197 qui
1378 1121 1475 1175 caret
1496 1111 1667 1178 eiusmodi
1689 1136 1796 1181 exeu-

391 1241 546 1322 satione,
581 1257 635 1322 ep.
657 1237 774 1304 Stura.
794 1259 827 1304 v.
845 1249 897 1313 7&
925 1243 958 1305 ἐκ
978 1231 1097 1305 τούτων
1116 1229 1175 1323 γὰρ
1196 1229 1285 1301 πάντ’
1307 1223 1360 1319 ἦν,
1380 1228 1461 1302 ‘c'ooa
1479 1241 1515 1302 τέ
1535 1240 1602 1303 ἐστι
1620 1242 1672 1305 nai
1693 1237 1797 1308 ἔσται.

266 1408 275 1415 -
392 1365 429 1431 Si
450 1378 537 1428 vero
556 1359 654 1425 addis
676 1357 706 1439 t,
719 1361 853 1448 optime
868 1382 986 1431 verene
999 1358 1210 1447 ingreditur,
1226 1357 1400 1443 simulque
1414 1358 1600 1447 intelligis,
1616 1361 1798 1448 quomodo

392 1492 523 1554 HXOY
541 1497 658 1552 ortum
684 1485 740 1551 sit.
797 1487 980 1571 Scriptum
1008 1482 1037 1547 ei
1066 1483 1232 1570 ponimus
1262 1482 1391 1547 litteris
1412 1485 1613 1572 majusculis
1631 1490 1797 1566 FOGOY‚

393 1611 525 1701 spiritu
548 1615 573 1673 l
597 1606 757 1696 propius¹
770 1607 812 1673 ed
839 1608 1040 1694 oacripto,
1079 1606 1146 1670 hoc
1167 1618 1286 1673 eutem
1312 1615 1339 1673 0
1360 1609 1473 1675 micro
1503 1630 1609 1696 aopre
1638 1621 1672 1674 et
1705 1611 1797 1679 infra

401 1748 474 1803 non
502 1746 664 1798 accurate
693 1753 878 1819 expresso,
920 1755 963 1799 ex
997 1737 1021 1796 P
1050 1742 1086 1796 et
1114 1724 1420 1819 anterioreparte
1450 1733 1548 1797 illiue
1582 1732 1737 1801 Ofacile
1765 1747 1802 1808 Η

393 1859 484 1924 oriri
507 1857 644 1945 potuit,
669 1879 715 1921 ex
738 1856 935 1942 posteriore
956 1868 1057 1945 parte
1080 1855 1232 1946 aiuetlem
1260 1863 1389 1923 Ocum
1417 1858 1655 1942 Cconjuncta
1677 1867 1729 1941 X,
1760 1871 1800 1924 ut

394 1980 557 2047 evaderet
579 1987 714 2049 HXOY.
770 1981 826 2045 Ne
847 1981 1096 2066 grammaticus
1116 1979 1246 2066 aliquis
1269 1979 1360 2045 mihi
1386 1978 1608 2069 adversetur,
1646 1985 1797 2071 proban·

395 2103 480 2170 dum
501 2116 570 2199 eet,
607 2105 794 2170 relativum
827 2105 883 2168 vel
917 2105 1111 2171 articulum
1137 2103 1416 2193 postpositivum
1442 2105 1492 2170 ita
1521 2127 1589 2193 pro
1617 2112 1799 2199 praeposi·

396 2230 472 2293 tiro
494 2227 660 2314 usurpari
681 2247 802 2314 posse,
831 2225 924 2310 quod
945 2227 1087 2312 quidem
1115 2248 1161 2291 ex
1181 2228 1343 2294 Homero
1371 2231 1453 2295 eatis
1480 2242 1604 2297 notum
1632 2245 1683 2297 eet
1710 2257 1738 2300 e.
1764 2258 1798 2322 g.

395 2350 438 2418 Il.
459 2370 497 2432 ψ.
518 2361 549 2424 9.
578 2346 596 2416 ‘i
621 2346 681 2437 γὰρ
701 2354 792 2436 γέρας
813 2352 879 2416 ἐστὶ
897 2343 1063 2419 θανόντων
1069 2381 1081 2434 ,·
1110 2374 1214 2437 quem
1237 2375 1339 2417 usum
1371 2375 1450 2418 cum
1472 2358 1799 2442 Argonauticorom

396 2482 519 2537 auctor
540 2475 714 2562 receperit
743 2495 772 2538 e.
795 2492 826 2556 g.
852 2493 882 2540 v.
905 2488 976 2550 118.
997 2472 1015 2542 ii
1035 2479 1089 2543 aci
1108 2481 1198 2568 γέρας
1217 2476 1344 2547 ἔσσεται
1366 2479 1457 2563 ὑμῖν,
1483 2503 1555 2546 non
1579 2481 1701 2568 video,
1732 2505 1798 2547 cur

397 2597 560 2665 Cleanthi
595 2599 814 2687 denegemus.
879 2597 953 2662 Hic
988 2610 1064 2665 tum
1102 2601 1220 2667 evadit
1255 2623 1394 2669 aeneus:
1445 2605 1520 2669 Noa
1550 2606 1712 2672 homines
1742 2630 1799 2672 eu·

396 2744 472 2786 mua
494 2745 602 2807 genus
624 2747 670 2789 ax
691 2736 726 2789 te
748 2732 877 2809 ortum,
900 2720 1089 2797 retinentes
1114 2719 1203 2785 hanc
1224 2724 1280 2785 tui
1303 2726 1510 2807 imaginem,
1542 2731 1691 2809 quaein
1714 2732 1800 2815 ipso

398 2869 523 2934 genere
551 2859 621 2932 eat,
660 2848 728 2914 aoli
760 2871 806 2914 ex
835 2846 997 2913 omnibus
1031 2845 1266 2917 animantibus
1302 2847 1327 2914 i.
1348 2870 1378 2919 e.
1405 2849 1461 2913 tui
1493 2851 1630 2935 generis
1659 2873 1799 2940 sumus,

399 2971 493 3058 quod
508 2973 588 3037 inde
610 2984 769 3060 apparet,
780 2970 875 3059 quod
896 2981 992 3034 tuam
1005 2969 1196 3056 imaginem
1218 2972 1256 3038 in
1277 2973 1378 3039 nobis
1401 2973 1566 3063 gerimus.
1612 2974 1801 3045 AlieAhl·

398 3096 536 3161 werdtii
558 3096 760 3184 conjectura
783 3108 835 3163 eat
854 3089 912 3163 δὀὔ
932 3117 999 3183 pro
1022 3087 1078 3177 oi,
1114 3097 1208 3182 quod
1237 3099 1425 3167 relativum
1454 3098 1603 3165 eundem
1624 3098 1699 3166 fere
1721 3127 1801 3169 een-

399 3244 477 3287 aum
500 3222 664 3310 praebet,
700 3222 926 3311 grammatica
947 3231 1065 3286 tamen
1086 3222 1225 3289 ratione
1247 3220 1424 3292 difficilius
1455 3224 1563 3289 etiam
1584 3223 1799 3294 defenditur.

399 3346 557 3414 Praestat
578 3350 688 3437 igitur
709 3346 727 3417 ii
748 3350 822 3429 ocis,
836 3345 930 3433 quod
943 3350 1025 3414 satio
1040 3347 1308 3437 explicavimus,
1325 3349 1396 3413 nisi
1409 3347 1500 3415 forte
1518 3347 1715 3416 addendum
1730 3353 1799 3419 eit:

399 3473 586 3560 imaginem
615 3475 772 3539 divinem
799 3497 871 3541 care
899 3485 1071 3557 mentem,
1117 3495 1185 3558 qua
1221 3475 1291 3540 ooli
1328 3475 1487 3540 homines
1523 3473 1676 3558 gaudent
1708 3489 1743 3544 et
1780 3503 1800 3545 a

398 3598 517 3665 bestiis
537 3599 717 3667 differunt.
759 3599 796 3664 Si
827 3601 885 3665 cui
912 3599 1030 3665 minua
1058 3597 1173 3685 placet
1202 3599 1404 3688 conjectura
1436 3610 1574 3681 nostra,
1612 3600 1800 3681 meliorem

400 3733 562 3811 quaerat,
592 3737 778 3815 procerte
798 3725 870 3814 ipsi
890 3745 967 3791 eam
988 3721 1169 3789 venditare
1191 3747 1263 3790 non
1285 3726 1463 3794 audemus.

608 3849 655 3916 V.
677 3862 707 3924 5.
750 3851 827 3917 lem
848 3849 991 3916 brevina
1019 3848 1062 3912 de
1089 3843 1159 3913 hoc
1188 3871 1290 3917 verau
1309 3849 1366 3937 agi
1393 3849 1500 3916 licere
1529 3851 1661 3931 laetor,
1691 3838 1799 3915 voca}
