4380 5812
967 472 1220 549 ..37-

394 675 505 728 strum
533 683 607 727 nou
630 659 875 749 Orphicorum
897 678 970 723 esse
999 656 1226 729 imitatorem.
1273 659 1312 726 Si
1339 660 1434 726 Deus
1463 659 1523 727 hic
1553 683 1632 725 cum
1653 662 1795 728 Justitia

394 786 566 853 mundum
588 785 834 851 administrare
856 784 1000 868 dicitur,
1025 784 1112 850 haec
1133 807 1301 875 personae
1322 795 1485 851 naturam
1507 785 1679 871 accepisse
1706 785 1796 851 mihi

395 913 539 1001 quidem
561 913 713 998 videtur,
736 933 823 999 quae
839 911 1103 999 prosopopoeia
1119 910 1235 998 poetis
1250 910 1286 975 in
1302 932 1427 996 genere
1449 911 1577 976 usitata
1594 910 1653 976 hic
1675 911 1796 993 negari

394 1049 525 1127 posset,
546 1035 617 1103 nisi
628 1034 770 1103 Iustitia
792 1035 971 1122 atragicis
986 1037 1143 1103 maxime
1164 1036 1336 1103 celebrata
1358 1057 1388 1101 e.
1410 1034 1620 1123 g.Aeschyl.
1638 1033 1796 1123 Cboeph.

394 1170 467 1241 947.
489 1161 595 1249 Soph.
618 1161 674 1228 El.
696 1168 769 1235 476.
792 1158 879 1229 Oed.
900 1158 933 1228 r.
948 1174 1025 1248 885,
1048 1161 1178 1249 ubique
1192 1160 1291 1226 Jovis
1313 1162 1352 1226 in
1364 1158 1497 1226 mundo
1520 1159 1795 1226 administrando

399 1289 493 1353 socia
516 1297 773 1374 agnosceretur.
815 1284 913 1351 Haec
943 1306 1084 1373 quoque
1106 1266 1278 1354 sententie
1297 1307 1419 1351 rursus
1445 1284 1487 1349 ad
1510 1283 1696 1372 Orpheum
1718 1305 1798 1350 euc-

395 1425 510 1479 torem
543 1411 709 1496 refertur,
738 1431 852 1496 neque
880 1420 997 1473 tamen
1020 1411 1147 1498 iatum,
1179 1412 1241 1499 qui
1269 1411 1331 1475 diu
1358 1420 1440 1498 post
1467 1407 1649 1474 Christum
1675 1420 1798 1475 natum

402 1537 557 1602 carmina
582 1534 784 1623 composuit
805 1533 908 1598 nobis
929 1547 1076 1618 servata,
1104 1535 1163 1601 sed
1186 1536 1301 1621 illum,
1323 1534 1423 1599 cuius
1444 1532 1639 1620 fragmenta
1660 1544 1798 1599 tantum

397 1671 539 1727 exstant
568 1660 711 1725 nonita
741 1659 854 1724 multo
877 1671 957 1723 ante
980 1658 1187 1744 Pindarum,
1216 1659 1359 1748 opinor,
1387 1656 1499 1744 facta,
1527 1656 1691 1745 equibus
1712 1657 1798 1724 haec

396 1786 582 1852 annotavit
598 1783 850 1850 Demosthenes
878 1783 955 1851 adv.
976 1754 1135 1868 Aristog.
1163 1805 1199 1870 p.
1219 1793 1295 1858 492.
1315 1783 1363 1847 Α.
1383 1816 1427 1832 -
1449 1778 1562 1871 σεμνὴν
1579 1791 1695 1871 Δίνην,
1718 1780 1758 1871 ἣν
1780 1785 1797 1850 ὁ

395 1907 453 1990 τὰς
472 1906 645 1997 ἁγιωτάτας
660 1910 736 1994 ἡμῖν
757 1900 883 1986 τελετὰς
905 1907 1088 1987 καταδείξας
1097 1900 1226 1995 Ὀρφεὺς
1244 1902 1330 1998 παρὰ
1350 1901 1405 1975 τὸν
1424 1912 1481 1974 τοῦ
1495 1902 1571 1988 Διὸς
1583 1905 1703 2000 θρόνον
1723 1912 1799 1996 φησὶ

394 2038 578 2121 καθημένην
594 2029 700 2099 πάντα
715 2026 753 2097 τὰ
767 2033 829 2097 τῶν
844 2025 1023 2120 ἀνθρώπων
1038 2036 1162 2122 ἐφορᾷν.
1204 2027 1318 2119 Orph.
1340 2030 1477 2119 Hymn.
1499 2041 1552 2106 61.
1581 2030 1705 2118 fragm.
1725 2034 1797 2100 XX·

395 2159 563 2224 Ceterum
585 2158 627 2222 de
647 2157 713 2223 hac
735 2155 811 2222 Dea
834 2153 877 2221 cf.
898 2155 977 2223 Joh.
997 2155 1124 2223 Heinr.
1153 2156 1245 2221 Voss
1267 2155 1309 2219 ud
1331 2154 1420 2219 Aret
1441 2165 1613 2233 96—136.

604 2323 649 2391 V.
671 2336 722 2396 35.
765 2319 938 2385 Homines
967 2340 987 2382 a
1018 2319 1093 2384 Deo
1121 2318 1258 2384 honore
1284 2317 1503 2404 afficiuntur,
1540 2320 1572 2385 ai
1601 2320 1794 2409 accipiunt,

400 2448 493 2537 quod
515 2460 676 2538 precatus
704 2458 757 2512 eat
778 2446 902 2534 po'e'ta,
931 2442 1152 2507 intellectum
1175 2443 1256 2507 dico
1279 2454 1313 2508 et
1334 2444 1537 2527 scientiam3
1579 2444 1657 2512 Deo
1681 2457 1798 2512 autem

396 2574 571 2639 honorem
587 2572 698 2637 alium
710 2569 853 2636 reddere
869 2590 941 2634 non
950 2567 1184 2654 possunt,nisi
1199 2579 1299 2652 grato
1314 2569 1432 2635 animo
1441 2570 1555 2635 Deum
1572 2569 1797 2638 celebrantes.

608 2736 655 2801 V.
676 2745 728 2813 36.
772 2733 1076 2822 Quemadmodum
1116 2731 1257 2819 Jupiter
1304 2735 1352 2798 eit
1398 2732 1644 2820 celebrandus,
1692 2737 1798 2825 po'e'ta

401 2872 522 2926 noster
545 2861 618 2948 ipse
642 2860 806 2947 exemplo
827 2882 890 2925 suo
913 2859 1053 2944 docuit3
1075 2856 1347 2924 celebrationem
1368 2861 1475 2947 enim,
1498 2882 1603 2948 quam
1624 2872 1693 2936 v.6
1715 2883 1798 2947 pro·

399 2987 509 3072 misit,
533 3009 552 3051 a
573 3008 676 3051 versu
697 2999 718 3060 7
741 3006 848 3071 usque
870 2984 912 3049 ad
935 2999 978 3058 30
999 2983 1231 3049 continuavit.

611 3151 654 3218 V.
673 3160 716 3221 37
737 3160 773 3213 et
793 3160 845 3222 38.
890 3148 1021 3216 Omnia
1043 3150 1102 3215 hic
1123 3150 1207 3216 satis
1230 3151 1323 3217 clara
1345 3150 1615 3236 ascendantur,
1638 3151 1680 3215 de
1703 3172 1796 3216 com·

402 3273 502 3338 muni
525 3274 619 3339 enim
640 3275 717 3361 lege
739 3272 783 3338 ad
803 3296 944 3342 versum
963 3282 1006 3349 24
1026 3275 1139 3339 locuti
1161 3297 1287 3343 sumus.
1335 3276 1456 3341 Restat
1477 3274 1636 3358 fortasse,
1660 3284 1699 3337 ut
1721 3275 1795 3338 ani·

401 3399 680 3484 madvertamus,
723 3400 809 3489 ipsis
838 3400 918 3465 Diis
947 3400 1072 3469 Jovem
1101 3401 1347 3469 celebrandum
1376 3401 1553 3490 proponi3
1596 3420 1663 3485 qua
1691 3400 1733 3465 de
1757 3421 1796 3465 rs

404 3524 498 3611 quod
520 3524 715 3590 docendum
739 3536 802 3612 est,
828 3528 900 3614 jam
929 3528 972 3592 ad
1000 3550 1121 3595 versus
1145 3541 1182 3603 12
1206 3526 1421 3610 et13dixi3
1464 3524 1547 3589 inde
1568 3523 1662 3588 enim
1684 3533 1797 3611 patet,

404 3648 610 3714 innumeros
632 3673 703 3715 esse
725 3651 818 3717 Deos
839 3652 925 3718 Jove
946 3652 1151 3739 inferiores,
1174 3654 1233 3739 qui
1256 3675 1336 3718 eum
1359 3649 1534 3716 celebrere
1556 3646 1703 3712 debeant
1724 3648 1794 3733 legi

403 3775 478 3838 eius
501 3774 733 3840 obedientiam
754 3787 987 3866 praestantes3
1018 3798 1104 3864 quae
1127 3789 1178 3842 est
1199 3779 1333 3866 optIma
1355 3772 1550 3841 celebrandi
1574 3774 1666 3840 ratio
1689 3774 1797 3839 etiam

404 3898 608 3965 hominibus
632 3902 859 3989 praescripta.
913 3903 1032 3987 Itaque
1060 3902 1179 3969 nullae
1209 3900 1282 3969 fere
1311 3922 1432 3992 preces
1460 3897 1601 3964 homine
1632 3897 1688 3965 tel
1716 3897 1796 3986 ipse
