4380 5812
1299 423 1554 496 *18-

728 617 819 683 Ven.
841 625 893 692 92.
936 611 1120 683 Vocabula
1141 580 1239 698 θέμις’
1256 622 1291 676 et
1309 608 1488 698 προςανδᾷν
1515 628 1561 675 ex
1581 608 1742 679 Homero
1762 618 1837 677 tam
1857 620 1942 674 uota
1963 620 2058 695 aunt,
2090 622 2130 676 ut

726 739 872 815 verbum
894 738 936 803 de
957 738 1001 802 iis
1023 738 1149 803 addere
1171 735 1388 824 superfluum
1410 735 1467 802 ait.

936 863 980 931 V.
1008 871 1040 934 4.
1087 864 1162 929 Jem
1191 872 1387 948 sequuntur
1417 858 1611 927 clariaaime
1642 858 1704 923 ille
1730 857 1857 924 verba:
1902 858 2067 925 venerari
2092 871 2130 925 te

728 985 1147 1072 debemua301teenim
1169 986 1344 1072 originem
1365 985 1538 1072 ducimur,
1551 984 1618 1052 tibi
1640 983 1782 1071 cognati
1804 1006 1922 1049 eumue
1944 984 2012 1051 soli
2034 985 2129 1050 inter

729 1114 847 1180 omnia
868 1112 1071 1178 animantia.
1115 1111 1202 1177 Prae
1224 1111 1350 1179 cetaria
1370 1111 1601 1183 nobilitatum
1623 1122 1674 1177 eet
1695 1108 1803 1202 huiua
1824 1132 1941 1177 tereus
1963 1110 2128 1177 initium:

729 1241 762 1302 ἐκ
783 1238 840 1302 σοῦ
862 1233 921 1325 γὰρ
950 1241 1037 1322 γένος
1068 1236 1169 1317 ἐσμέν,
1200 1234 1292 1318 quod
1315 1236 1473 1303 imitatur
1505 1247 1557 1303 eet
1579 1237 1711 1303 Aretua
1733 1235 1862 1305 Phuen.
1885 1258 1918 1301 v.
1940 1245 1971 1308 5.
1992 1238 2050 1303 τοῦ
2071 1232 2131 1322 γὰρ

728 1364 781 1427 καὶ
801 1364 887 1445 γένος
906 1364 1009 1442 ἐσμέν,
1029 1381 1133 1447 quem
1154 1381 1294 1426 versum
1313 1360 1459 1427 leudone
1482 1361 1612 1428 Pauiue
1635 1359 1831 1448 Apostolus
1859 1373 2020 1426 nostrum
2043 1381 2131 1446 quo·

596 1544 605 1553 .
728 1505 795 1568 que
816 1483 934 1548 locum
957 1484 1154 1571 reapexerit
1178 1496 1332 1570 oportet,
1342 1484 1461 1570 pluree
1470 1485 1688 1553 Graecorum
1710 1486 1911 1557 indixisse
1930 1507 2130 1551 memorans

720 1608 810 1673 Act.
830 1606 960 1695 Apoet.
975 1609 1090 1677 XVII.
1112 1623 1163 1681 28.
1209 1606 1361 1673 Stoicam
1385 1629 1456 1673 eree
1476 1608 1567 1675 hene
1581 1609 1789 1689 doctrinam,
1804 1610 1965 1678 Sturaiua
1987 1609 2129 1676 demon·

728 1743 815 1799 etrat
835 1755 854 1798 e
876 1734 1023 1800 Senecae
1045 1735 1147 1821 epist.
1174 1739 1235 1805 41:
1281 1753 1421 1818 „prope
1447 1755 1467 1797 a
1496 1744 1530 1797 te
1558 1735 1674 1819 Daue,
1704 1743 1821 1801 tecum
1844 1746 1913 1814 eat,
1937 1735 2030 1801 intua
2051 1738 2129 1801 eet“

682 1879 686 1893 ·
729 1867 794 1925 etc.
811 1867 914 1943 atque
930 1880 974 1922 ax
989 1856 1177 1923 Antonino
1194 1855 1237 1924 ΙΙ.
1263 1868 1290 1926 t.
1329 1851 1406 1943 Ἐγὼ
1427 1855 1461 1923 di
1481 1853 1683 1944 eadearprpirc
1703 1853 1761 1942 τὴν
1782 1859 1880 1925 αὐτοῦ
1901 1855 2130 1947 ἁμαρτάνοντος

729 1975 892 2067 piamina
910 1979 1135 2068 percurrentia,
1151 1981 1220 2069 οὐχὶ
1227 1987 1358 2066 αἵματος
1376 1975 1397 2066 ἢ
1411 1986 1586 2068 σπέρματος
1602 1987 1660 2050 τοῦ
1678 1982 1789 2062 αὐτοῦ,
1801 1978 1882 2049 ἀλλὰ
1895 1987 1952 2051 ron
1970 1988 2022 2051 eoi
2033 1989 2130 2063 detur

728 2102 900 2192 einopar'pnr
918 2101 1046 2189 μπυχός
1054 2133 1067 2184 ,·
1087 2125 1193 2188 quam
1208 2104 1405 2169 doctrinam
1421 2102 1562 2169 irritem
1578 2126 1650 2173 esee
1666 2115 1785 2175 ceneet
1795 2105 1838 2170 ab
1845 2105 1998 2173 Horatio
2008 2107 2129 2174 suu

729 2237 760 2294 2.
781 2239 834 2298 79.
900 2225 1032 2291 Multae
1061 2226 1189 2292 addere
1216 2227 1411 2313 potuissem
1432 2227 1542 2309 locos,
1571 2229 1696 2314 quibua
1721 2229 1813 2295 idem
1835 2226 2045 2315 efficeretur3
2068 2233 2130 2297 aed

729 2346 839 2413 totius
859 2346 1066 2438 disciplinae
1088 2352 1259 2418 indicatio
1280 2351 1410 2419 fortine
1432 2364 1484 2417 eat
1505 2363 1769 2439 argumentum:
1796 2352 2012 2417 Tiedemaun
2035 2353 2130 2440 Syat.

729 2474 794 2541 der
807 2473 956 2543 Stoiech.
974 2477 1105 2544 Philae.
1121 2478 1164 2545 II.
1179 2500 1214 2565 p.
1231 2483 1302 2549 147·
1385 2476 1431 2542 K.
1453 2477 1534 2555 ille,
1557 2501 1659 2565 quern
1680 2479 1817 2566 aaepiua
1839 2475 2007 2560 indicavi,
2028 2477 2129 2543 addit

729 2598 846 2665 aecio
875 2620 947 2686 qua
976 2599 1018 2666 de
1047 2625 1148 2668 cauae
1176 2598 1255 2669 Aet.
1275 2599 1324 2667 ad·
1341 2599 1430 2665 Plat.
1457 2600 1605 2670 Phaedr.
1626 2616 1678 2676 28.
1708 2626 1744 2690 p.
1764 2613 1840 2680 304.
1867 2626 1895 2670 c.
1916 2612 1968 2678 34.
1992 2624 2030 2691 p.
2049 2614 2128 2678 315.

729 2721 882 2790 Greurer
911 2723 954 2787 ad
981 2720 1071 2789 Piot.
1101 2725 1143 2792 de
1170 2726 1309 2814 pulchr.
1337 2747 1372 2812 p.
1390 2737 1454 2802 289
1472 2731 1610 2801 -et-29d.
1662 2726 1703 2791 in
1731 2728 1841 2791 altera
1868 2728 1974 2792 huius
2004 2748 2128 2793 vernus

728 2857 830 2934 parte
842 2848 950 2913 lectio
973 2858 1025 2913 eet
1040 2848 1188 2916 incerta:
1203 2851 1340 2919 codicea
1356 2850 1453 2916 enim
1465 2847 1646 2914 nihiiniai
1665 2839 1741 2937 ἦχον
1761 2852 1942 2928 exhibent.
1954 2849 2049 2937 quod
2063 2873 2128 2916 uec

729 2982 880 3038 metrum
901 2971 1073 3058 admittit,
1095 2985 1131 3039 et
1153 2986 1314 3043 accentus
1343 2974 1683 3062 falano-suapectum
1711 2976 1840 3043 reddit.
1880 2977 1933 3045 Ut
1951 2975 2127 3062 Scaligeri

727 3100 967 3186 conjecturem
988 3101 1129 3188 longius
1150 3101 1298 3189 petitam
1319 3098 1450 3186 (ὄχου),
1465 3122 1552 3188 quaa
1567 3100 1631 3169 vix
1651 3101 1803 3187 intelligi
1819 3112 1946 3188 potest,
1968 3112 2126 3189 praeter·

726 3225 877 3311 mittem,
904 3225 1041 3293 Gedikc
1070 3227 1258 3315 proposuit
1285 3229 1319 3293 ta
1339 3229 1396 3296 aad
1414 3227 1459 3295 ad
1486 3250 1625 3294 aeneum
1651 3249 1727 3297 non
1746 3228 1852 3313 mele,
1873 3247 1987 3314 neque
2004 3237 2121 3291 tamen

726 3360 840 3415 metro
862 3362 994 3438 aptum.
1050 3348 1204 3415 Acutiua
1228 3371 1335 3435 quam
1362 3351 1480 3418 verina
1508 3357 1698 3444 proposuit
1717 3353 1862 3420 Brunck
1884 3355 1955 3439 lira-5
1991 3351 2124 3416 etenim

726 3474 838 3561 ipaiua
869 3475 1092 3560 conjecturae
1120 3476 1370 3565 interpretatio
1404 3487 1457 3542 eet
1483 3475 1607 3542 dubia:
1638 3476 1816 3555 Sturriua,
1856 3478 1916 3563 qui
1946 3476 2122 3575 Brunekii

726 3599 935 3667 cententiam
955 3601 1083 3669 fulcire
1105 3601 1261 3687 studuit,
1282 3601 1446 3668 vocabuli
1466 3600 1713 3688 antiquitatem
1734 3615 1770 3668 et
1789 3602 1862 3667 vim
1884 3602 2053 3691 probavit
2075 3622 2121 3666 ex

725 3722 909 3814 Heaychio
932 3722 991 3812 (tri,
1010 3723 1109 3814 φωνή,
1128 3722 1204 3815 βοή)
1224 3726 1645 3815 atqueEuripidiaRheeo
1661 3750 1693 3793 v.
1715 3741 1780 3804 &53
1800 3738 1836 3792 ot
1846 3726 2015 3817 Aeschyli
2026 3725 2125 3790 Pera.

726 3872 762 3917 v.
779 3856 860 3936 940,
893 3849 984 3917 hano
1012 3849 1140 3918 addens
1170 3851 1448 3922 enarrationemr
1478 3853 1555 3938 „taio
1583 3858 1702 3938 μίμημα
1731 3851 1768 3918 id
1797 3853 1893 3938 quod
1919 3849 2126 3915 imitatione
