4380 5812
762 436 799 510 V

79 668 211 722 rursus
230 632 410 719 'emanso
463 638 671 738 Quidquid
710 638 813 714 enim
854 663 903 714 ex
928 614 1085 714 mathesi
1120 637 1182 712 vel
1216 647 1336 735 pora,
1373 665 1491 738 quam

82 804 241 882 vocant,
269 792 331 867 vei
355 791 549 892 applicato
572 789 733 890 publica
755 791 912 866 tradere
938 789 1167 888 cogitaram,
1194 786 1294 863 illud
1321 797 1365 863 ut
1381 814 1492 888 pera·

82 969 225 1044 gerem,
251 966 326 1019 nec
353 941 485 1018 animo
512 941 640 1018 defuit
665 941 849 1018 alacritas
876 965 951 1016 nec
979 940 1132 1040 corpori
1146 932 1330 1017 firmitas.
1388 927 1492 1014 Tan·

84 1109 165 1170 tum
192 1104 264 1184 est,
291 1093 399 1193 quod
425 1092 588 1170 divinae
611 1092 843 1191 benignitati
872 1092 1015 1168 deboo.

281 1245 399 1335 Quod
426 1255 559 1320 autem
584 1247 787 1321 studiosam
799 1247 1037 1345 juventutem
1061 1241 1270 1340 plurimum
1299 1264 1492 1318 commen·

83 1397 166 1485 dat,
193 1419 341 1482 omncs,
365 1394 434 1494 qui
459 1394 605 1470 nostris
631 1395 871 1470 lectionibus
886 1395 1093 1480 vacabant,
1120 1382 1301 1467 discendi
1328 1392 1492 1489 diligen·

83 1546 178 1622 tiam
204 1557 244 1621 et
269 1569 419 1627 morum
445 1543 712 1643 integritatem
738 1545 938 1632 omnibus,
977 1543 1085 1641 quod
1112 1541 1257 1630 sciam,
1295 1542 1492 1640 magistris

85 1696 142 1770 ita
167 1695 452 1794 approbarunt,
484 1706 530 1769 ut
555 1689 703 1772 nullam
729 1718 902 1793 unquam
928 1692 1119 1793 querendi
1144 1716 1302 1769 causam
1331 1694 1493 1769 habere·

85 1869 184 1920 mus.
237 1843 413 1921 Fuerunt
438 1843 575 1931 etiam,
612 1845 680 1942 qui
707 1845 866 1940 egregia
892 1867 1018 1941 eaque
1047 1842 1172 1918 latins
1197 1846 1412 1919 domesticae
1437 1846 1493 1918 ia·

82 1998 249 2071 doctrine
273 1993 493 2093 specimina
517 1993 699 2082 ederent,
735 1994 855 2071 veluti
881 1994 926 2070 F.
955 1995 1008 2071 H.
1036 1994 1219 2072 &amtor
1243 1995 1283 2070 in
1308 1994 1494 2069 Entomo·

84 2144 235 2241 logicis,
263 2142 306 2220 F.
333 2143 389 2219 G.·
414 2142 563 2219 (Μέθη
590 2154 631 2219 et
656 2144 709 2220 D.
735 2145 784 2219 Τ.
814 2144 941 2220 Kiurlt
966 2146 1005 2221 in
1032 2136 1248 2233 Botanicis,
1280 2145 1330 2218 G.
1361 2143 1413 2219 H.
1442 2143 1492 2219 A.

84 2291 272 2395 Redderg
296 2294 336 2369 in
363 2292 666 2371 mathematicis.
717 2290 975 2393 inspicienda
993 2282 1132 2395 patent
1155 2295 1252 2369 haec
1278 2290 1496 2392 specimina

87 2446 272 2533 omnium,
300 2443 368 2544 qui
393 2444 492 2519 talia
517 2453 667 2532 curant,
696 2444 836 2532 oculis,
859 2442 1148 2538 jucundissima
1172 2443 1242 2518 illa
1257 2442 1494 2541 peritissimo

85 2597 241 2695 cuique.
295 2594 417 2669 Plura
439 2594 620 2688 ejusdem
638 2592 791 2688 generis
817 2617 868 2670 ne
893 2591 1065 2683 addams
1081 2594 1223 2670 suadet
1250 2606 1289 2670 et
1306 2581 1494 2695 temporis

83 2757 122 2822 at
141 2743 258 2820 officii
271 2744 384 2818 ratio.
412 2741 494 2817 Sed
507 2740 625 2838 gestit
640 2742 791 2816 animus
807 2744 979 2841 proferre
996 2741 1110 2820 talia:
1137 2726 1241 2842 ¹(prae
1252 2746 1329 2822 nisi
1347 2723 1491 2822 docen-

83 2898 180 2971 tium
207 2893 357 2970 animos
377 2915 658 2990 nonnunquam
685 2892 944 2983 oblectarent,
970 2893 1047 2970 nisi
1073 2895 1151 2971 alia
1167 2878 1363 2994 quaedam
1386 2897 1491 3003 haud

84 3047 213 3156 minus
238 3055 353 3142 grata
368 3053 420 3119 et
444 3041 661 3117 honorifica
685 3043 949 3134 accederent,'
982 3024 1098 3145 quis,'
1130 3070 1298 3155 quaeso,
1340 3047 1492 3124 fortiter

82 3199 232 3273 laturus
258 3204 365 3269 esset
389 3215 591 3268 munerum
618 3193 821 3270 molestias
847 3206 1057 3297 tantosque
1081 3197 1261 3273 labores?

224 3374 254 3403 ·-
284 3343 632 3419 Sedaccedamus
658 3346 709 3419 ad
737 3346 825 3435 alia,
853 3358 1162 3447 quaeremur,
1190 3348 1319 3435 Cives,
1348 3347 1491 3424 utilita-

84 3515 165 3576 tem
191 3497 352 3598 propius
377 3498 587 3597 attingunt,
615 3517 689 3575 nec
716 3497 919 3574 reticenda
943 3477 1125 3576 videntur
1154 3497 1383 3575 Veneranda
1398 3498 1490 3574 Ma·

80 3648 309 3750 gistrotioas
332 3652 482 3727 nostris.
536 3647 627 3727 Hoc
653 3657 850 3748 tempore,
886 3674 964 3749 quo
996 3673 1059 3726 res
1093 3649 1335 3726 scholastica
1366 3650 1492 3725 omnis

87 3823 230 3874 novam
256 3798 420 3876 induere
445 3800 578 3901 coepit
601 3799 763 3889 faciem,
805 3823 871 3888 ea,
911 3825 1013 3900 quae
1050 3800 1090 3877 in
1116 3799 1334 3898 Gymnasio
1360 3799 1491 3874 adhuc

83 3949 356 4037 tradebantur,
395 3968 475 4028 non
514 3951 682 4050 amplius
709 3950 920 4027 sufficiunt.
988 3950 1249 4027 Desideratur
1287 3948 1409 4035 enirn,
1451 3959 1491 4023 et
