4380 5812
1303 402 1555 513 -u-

1220 569 1227 581 ’
1381 629 1468 713 111.

727 773 920 890 Animum
941 820 972 886 si
994 817 1130 886 moveri
1139 837 1263 904 negem
1284 817 1417 907 insigni
1428 818 1652 903 liberalitate,
1675 841 1742 908 qua
1763 819 1832 886 Vir
1853 820 1995 887 Summe
2011 819 2131 887 Vens·

728 946 870 1032 rabilis,
901 945 942 1012 E.
965 946 1009 1016 G.
1030 945 1076 1013 A.
1100 944 1235 1023 Bticket,
1257 945 1321 1012 SS.
1350 946 1461 1013 Theoi.
1485 948 1616 1013 Doctor
1635 957 1669 1013 et
1690 946 1912 1026 Sctotnrcta,
1943 945 2135 1037 Gymnasii

728 1047 832 1137 Cives
854 1071 1050 1137 sacerdotio
1073 1069 1262 1137 destinatos
1289 1070 1332 1136 ad
1354 1071 1555 1139 divinarum
1576 1094 1695 1138 rerum
1717 1072 1901 1138 scientiam
1923 1094 2136 1161 sensumque

729 1194 937 1279 informare,
965 1205 1000 1260 et
1026 1217 1089 1259 sua
1115 1194 1273 1260 doctrina
1294 1195 1476 1263 illustrare
1496 1210 1641 1263 conatus
1664 1209 1734 1265 est:
1771 1219 1914 1286 peccem
1948 1196 1987 1261 in
2016 1198 2133 1286 ipsam

729 1320 898 1408 pietatem
918 1320 989 1403 ejus
1012 1319 1218 1385 auctoritati
1240 1320 1403 1386 debitam.
1444 1322 1594 1388 Annum
1621 1326 1692 1411 jam
1720 1323 1813 1388 vires
1844 1334 1880 1387 et
1901 1333 2040 1411 tempus
2063 1325 2134 1389 im·

730 1445 856 1534 pendit
883 1444 1057 1510 studiosae
1082 1444 1261 1533 juventuti
1287 1445 1402 1511 literis
1431 1448 1662 1533 excolenda03
1698 1447 1791 1514 idem
1819 1447 1989 1537 proximo
2021 1448 2134 1514 etiam

730 1591 823 1635 anno
846 1591 991 1658 operam
1010 1580 1045 1634 et
1055 1569 1209 1635 studium
1222 1569 1420 1658 Gymnasio
1431 1586 1557 1662 sponte
1580 1596 1707 1642 navare
1729 1596 1802 1639 non
1815 1572 1964 1660 desinet,
1988 1571 2024 1638 id
2034 1573 2135 1660 quod

731 1695 784 1762 Itis
804 1695 910 1762 verbis
931 1695 1099 1763 benevole
1120 1692 1349 1781 significarit:

941 1862 1040 1929 Anno
1055 1861 1245 1946 praeterito
1266 1860 1425 1947 Hoseae,
1459 1861 1569 1927 Joelis
1598 1873 1701 1950 atque
1722 1861 1850 1928 Amosi
1872 1864 2047 1946 carmina,
2075 1862 2138 1928 Jo-

732 1987 845 2071 beida‚
867 1987 1088 2073 evangelium
1107 1987 1273 2072 Ioannis,
1311 1996 1463 2074 quatuor
1494 1987 1644 2077 denique
1672 1987 1964 2075 evangelistarum
1984 1987 2025 2051 da
2047 2007 2135 2076 sup·

733 2113 873 2199 pliciis,
911 2112 1029 2199 obitu,
1067 2112 1324 2179 resurrectione
1353 2123 1388 2178 et
1416 2114 1616 2179 ascensione
1644 2114 1724 2179 Jesu
1747 2111 1880 2178 Christi
1911 2112 2134 2177 narrationes

733 2237 910 2325 explicui,
947 2230 1113 2323 εἰςαγωγὴν
1135 2257 1239 2322 quam
1259 2248 1390 2303 vocant
1409 2237 1759 2303 historico-criticam
1780 2239 1820 2302 in
1837 2239 1884 2305 N.
1900 2237 1996 2304 Test.
2016 2235 2133 2300 libros

734 2362 884 2448 tradidi,
925 2364 1136 2450 juvenesque
1173 2359 1329 2443 discendi
1367 2362 1514 2448 cupidos
1545 2385 1618 2428 non
1645 2361 1761 2429 solum
1788 2359 1827 2422 in
1855 2357 2135 2447 interpretandis

734 2485 879 2576 psalmis
907 2486 1071 2574 exercui,
1101 2486 1161 2551 sed
1189 2484 1316 2570 etiam,
1349 2508 1419 2573 quo
1448 2489 1646 2554 accuratius
1673 2483 1913 2572 grammatices
1935 2461 2137 2548 Hebraicas

735 2621 923 2700 praecepta
953 2621 1219 2699 cognoscerent,
1256 2611 1371 2698 capita
1400 2615 1568 2698 quaedam
1602 2635 1648 2676 ex
1678 2609 1860 2697 evangelio
1888 2607 2061 2676 Matthaei
2098 2608 2137 2674 in

737 2758 934 2803 sermonem
960 2735 1165 2802 Hebraeum
1194 2745 1398 2800 convertere
1423 2735 1527 2821 jussi,
1570 2743 1605 2798 et
1633 2756 1720 2820 qnae
1749 2734 1894 2821 quisque
1924 2733 2135 2816 corrigenda

738 2859 1006 2945 mihitradebat,
1028 2860 1238 2926 eruditionis
1259 2822 1296 2926 ‘st
1309 2858 1506 2926 studiorum
1520 2860 1711 2948 specimina
1723 2856 1994 2944 diligentissime
2018 2878 2137 2922 emen·

739 2986 830 3051 davi.
884 2984 1011 3051 Iisdem
1041 2981 1114 3050 sere
1135 2985 1327 3072 laboribus,
1349 2986 1380 3050 si
1401 3007 1455 3050 res
1477 2984 1613 3068 tulerit,
1635 2983 1797 3070 deinceps
1819 2979 1960 3046 vacabo.

943 3130 1109 3209 Ssmsstri,
1131 3133 1221 3220 qaod
1239 3094 1356 3213 instat,
1393 3134 1518 3198 aestivo
1541 3130 1594 3197 dd.
1617 3130 1726 3199 Merc.
1748 3140 1783 3194 et
1803 3130 1874 3194 Sat.
1897 3128 1932 3191 h.
1954 3126 1996 3193 X.
2017 3135 2137 3190 matu·

693 3286 696 3291 ·
738 3257 813 3322 tina
843 3255 1075 3322 adolescentes
1110 3269 1145 3323 et
1175 3259 1327 3347 psalmos
1360 3258 1687 3347 interpretabuntur
1718 3274 1877 3320 sermone
1906 3249 2061 3335 Latino,
2103 3262 2139 3316 at

738 3380 876 3446 ratione
910 3383 983 3469 jam
1017 3381 1212 3468 significata
1247 3383 1421 3450 Hebraico
1455 3382 1608 3448 scribere
1635 3379 1787 3463 discent3
1831 3376 1867 3445 h.
1885 3377 1942 3442 XI.
1972 3374 2140 3461 epistolas

740 3506 941 3591 catholicas,
963 3508 998 3573 h.
1010 3509 1085 3575 XII.
1099 3531 1235 3574 summa
1249 3507 1495 3593 urchacologia
1505 3504 1674 3570 ebiblicae
1696 3504 1822 3590 capita,
1845 3501 1880 3565 h.
1892 3499 1917 3570 1.
1939 3499 2143 3564 Salomonis

740 3652 826 3718 quae
847 3631 1007 3698 feruntur
1027 3634 1216 3700 sententias
1238 3654 1425 3722 exponam.

951 3781 1099 3846 Hiberna
1121 3794 1236 3847 autem
1257 3782 1404 3846 semestri
1426 3774 1549 3840 iisdem
1572 3773 1691 3841 diebus
1721 3783 1757 3839 et
1784 3772 1881 3837 horis
1904 3771 1942 3835 in
1964 3769 2146 3834 exercita·

739 3901 896 3968 tionibus
911 3904 1384 3995 grammatico-philologicis
1406 3897 1628 3966 instituendis
1645 3918 1846 3988 pergemus,
1866 3895 2020 3961 minores
2034 3893 2142 3961 Pauli
