4380 5812
1292 398 1543 481 ...2⁶-

725 588 1041 687 veraum5quidem,
1062 589 1169 683 etiam
1180 582 1360 675 Cleanthis
1381 593 1554 687 sententia
1574 592 1796 680 agnoscitur,
1816 608 2029 683 quamquem
2050 619 2126 667 non

724 716 808 783 setis
837 713 1012 779 distincte.
1083 712 1227 785 Etenim
1264 715 1295 780 si
1320 714 1416 781 Deus
1445 714 1648 782 Stoicorum
1677 740 1743 807 pro
1782 718 1905 786 eodem
1933 720 2122 811 accipitur,

726 861 829 929 quam
849 861 913 905 nos
933 839 1003 929 hoc
1024 837 1168 903 nomine
1181 838 1209 904 si
1215 838 1433 926 gnificamus,
1456 842 1506 908 ita
1528 853 1568 906 ut
1590 863 1679 907 unus
1700 853 1837 909 tantum
1858 865 1932 911 esse
1948 846 2122 928 credatur,

725 976 820 1032 saeta
839 964 884 1037 iis
906 962 1161 1060 Pentheismus,
1184 987 1288 1051 quem
1309 978 1458 1052 vocant,
1486 988 1590 1033 sensu
1610 965 1808 1034 arctissima
1829 969 2013 1038 tribuitur.
2058 972 2122 1037 Sin

725 1102 841 1155 sutem
860 1088 1246 1178 perpendimus,Deum
1263 1114 1366 1156 sensu
1380 1092 1508 1158 latiore
1530 1092 1623 1180 apud
1645 1091 1728 1158 illos
1750 1093 1896 1159 omnino
1919 1116 1991 1160 esse
2006 1095 2124 1163 diver·

724 1236 802 1279 sum
823 1213 949 1299 alone,
973 1235 1109 1279 summo
1135 1217 1257 1282 mundi
1279 1216 1524 1304 gubernatore,
1546 1239 1651 1305 quem
1672 1240 1735 1283 nos
1756 1219 1872 1285 solum
1885 1219 1955 1286 Dei
1976 1221 2123 1288 nominc

725 1341 871 1427 dignum
895 1349 1069 1426 putamus,
1090 1340 1226 1427 Deique
1249 1341 1459 1407 vocabulum
1477 1354 1619 1435 praeter
1632 1343 1756 1411 Iovem
1777 1366 1849 1409 non
1867 1343 1963 1410 Deos
1984 1355 2124 1419 tantum

724 1464 904 1531 minorum
920 1466 1092 1553 gentium,
1113 1467 1173 1531 sed
1195 1468 1327 1554 omnia,
1350 1490 1436 1554 quae
1453 1488 1514 1556 per
1530 1468 1632 1535 illum
1653 1478 1688 1532 et
1701 1467 1805 1535 hosce
1822 1466 1922 1554 fiant,
1936 1470 2121 1557 amplecti:

725 1588 927 1658 Stoicorum
941 1588 1120 1677 theologia
1143 1602 1298 1657 anostra
1321 1614 1362 1658 ee
1381 1592 1537 1658 maxime
1553 1592 1800 1678 distinguitur,
1821 1592 1926 1680 quod,
1949 1616 2035 1680 quas
2057 1619 2121 1662 nos

726 1735 890 1779 vocamus
914 1726 1056 1781 natmae
1077 1715 1172 1787 vires
1194 1725 1296 1800 atquc
1317 1715 1423 1801 leges,
1450 1714 1506 1781 illi
1529 1737 1595 1803 pro
1608 1716 1847 1785 animantibus
1867 1716 2008 1805 habent,
2029 1720 2123 1787 Deo·

725 1860 874 1927 rumque
895 1849 930 1904 et
941 1840 1163 1906 Daemonum
1178 1840 1320 1931 nomine
1333 1837 1455 1927 dignas
1472 1838 1614 1908 ducunt.
1652 1839 1760 1918 (Plut.
1775 1863 1903 1914 comm.
1919 1854 1993 1913 not
2010 1867 2039 1908 c.
2053 1848 2124 1927 31.)

726 1964 845 2053 Quam
865 1975 965 2033 cauto
986 1963 1098 2051 igitur
1118 1966 1161 2030 de
1181 1965 1277 2033 hisce
1309 1963 1411 2031 rebus
1433 1986 1497 2030 nos
1519 1962 1698 2053 disputare
1720 1977 1900 2055 oporteat,
1931 1969 2123 2058 multiplex

726 2091 892 2175 vocabuli
913 2093 1008 2157 Deua
1028 2090 1241 2177 significatio
1264 2088 1440 2175 ostendit,
1472 2111 1578 2176 quam
1605 2111 1624 2156 e
1646 2089 1826 2167 Cleanthis
1847 2107 1963 2161 mente
1984 2104 2126 2161 enarrat

726 2217 848 2282 Cicero
870 2214 1032 2283 inlibris
1054 2215 1097 2281 ds
1119 2215 1314 2283 NatDeor.
1334 2215 1377 2300 (Ι.
1389 2219 1523 2299 14,37.)
1550 2212 1762 2300 „Cleanthea
1782 2231 1899 2286 autem
1912 2229 1989 2285 tum
2005 2220 2126 2306 ipsum

726 2339 899 2407 mundum
920 2340 1025 2405 deum
1047 2339 1135 2405 dicit
1156 2361 1238 2417 esse,
1261 2350 1339 2405 tum
1360 2339 1467 2405 totius
1488 2349 1635 2407 naturae
1660 2341 1769 2407 manti
1791 2351 1893 2426 atque
1915 2341 2034 2407 animo
2058 2341 2126 2408 tri·

727 2463 805 2531 buit
824 2464 893 2533 hoc
915 2485 1063 2546 nomen,
1094 2475 1169 2531 tum
1189 2465 1354 2531 ultimum
1381 2477 1416 2532 st
1438 2464 1649 2534 altissimum
1669 2477 1772 2552 atque
1792 2464 1948 2551 undique
1968 2465 2126 2531 circum·

725 2588 845 2657 fusam
866 2601 901 2658 et
922 2602 1123 2658 extremum
1144 2590 1263 2658 omnia
1286 2591 1485 2678 cingentem
1505 2604 1608 2679 atque
1620 2591 1847 2680 complexum
1868 2591 2042 2673 ardorem,
2062 2592 2126 2677 qui

727 2713 846 2781 aether
867 2714 1084 2800 nominatur,
1096 2714 1212 2781 Deum
1232 2714 1381 2801 judicat,
1403 2725 1478 2780 tum
1496 2712 1602 2800 lingit
1622 2713 1773 2781 formam
1794 2714 1967 2799 quandem
1989 2725 2025 2779 et
2045 2736 2128 2803 spo·

727 2839 818 2905 ciem
828 2837 1001 2923 Deorum,
1022 2850 1099 2906 tum
1109 2838 1331 2909 divinitatem
1350 2837 1477 2905 tribuit
1498 2834 1613 2922 astris,
1634 2847 1710 2911 tuna
1730 2836 1824 2907 nihil
1845 2837 1984 2907 ratione
2005 2851 2129 2905 censet

726 2984 799 3046 asse
819 2963 1011 3057 licinius&
1053 2963 1179 3050 Stoici,
1203 2974 1244 3030 ut
1264 2964 1302 3031 in
1323 2963 1472 3050 mundo,¹
1498 2963 1547 3028 ita
1569 2961 1607 3028 in
1628 2960 1814 3037 hominum
1833 2961 1961 3027 animis
1983 2975 2127 3051 practss·

726 3088 919 3174 tationem,
961 3100 1100 3177 partem
1128 3089 1348 3180 principem,
1391 3090 1502 3157 multe
1539 3097 1680 3182 ponunt
1710 3086 1878 3163 animalia
1913 3097 1968 3173 et,
2016 3109 2122 3175 quem

725 3212 844 3285 locum
865 3213 999 3292 rationi
1019 3214 1183 3281 tribuunt
1203 3214 1241 3281 in
1263 3212 1433 3297 homine,
1456 3211 1605 3288 eundem
1626 3212 1664 3278 iu
1685 3213 1817 3279 mundo
1840 3210 2018 3297 assignant
2039 3212 2122 3279 Iovi

726 3333 839 3421 (Plut.
860 3337 903 3404 de
924 3338 1032 3411 Stoic.
1053 3362 1129 3424 rep.
1151 3362 1183 3407 c.
1202 3345 1274 3419 44).
1317 3339 1440 3426 Itaque
1460 3336 1539 3403 fieri
1560 3348 1691 3425 potest,
1712 3347 1753 3403 ut
1775 3335 1866 3403 idem
1884 3336 2124 3427 philosophus

725 3482 820 3527 nunc
847 3472 959 3530 tutam
989 3474 1150 3539 naturam
1180 3464 1237 3531 val
1265 3465 1469 3533 uuiversum
1488 3462 1568 3531 Diis
1589 3463 1796 3548 Deabusque
1818 3454 1984 3550 impleat,
2027 3481 2124 3526 nunc

724 3585 854 3653 horum
875 3586 1011 3675 nullam
1031 3587 1137 3671 faciat
1156 3587 1375 3655 mentionem
1398 3589 1441 3656 de
1468 3608 1605 3655 summo
1626 3587 1703 3657 Deo
1731 3589 1900 3675 loquens,
1932 3588 1990 3655 cui
2017 3589 2123 3655 ceteri

608 3718 616 3729 ‘
727 3710 777 3779 ita
797 3711 870 3779 aiut
890 3714 1052 3802 subjecti,
1073 3725 1114 3780 ut
1135 3714 1295 3803 ipsorum
1311 3714 1477 3781 voluntas
1499 3723 1682 3779 evanescat
1701 3721 1806 3798 atque
1827 3735 1896 3800 pro
1908 3713 1982 3781 sola
1990 3711 2121 3776 summi

723 3836 792 3905 nsi
813 3836 891 3926 lege
911 3839 1120 3928 accipiatur,
1143 3836 1285 3926 idquod
1302 3837 1548 3928 epudpoiitam
1569 3847 1730 3903 nastrum
1751 3831 1884 3905 factum
1902 3848 1964 3905 est.
1996 3834 2122 3901 Plures
2171 3936 2175 3941 1
