4380 5812
971 431 1223 501 ..po-

400 637 483 685 varo
504 616 684 683 inscitiam
704 574 990 704 (tremerent.
1012 618 1089 685 Ecl.
1111 617 1156 687 Π.
1178 643 1208 689 c.
1228 633 1260 696 7.
1282 642 1318 709 p.
1340 634 1391 698 92.
1443 623 1561 711 lpsum
1588 642 1674 688 vero
1696 643 1805 688 vocs·

398 741 522 808 bulum
543 739 635 811 ἄνοια
656 737 693 805 in
718 764 782 806 usu
802 741 909 808 fuisse
932 744 1025 831 apud
1047 744 1185 812 Stoicos
1208 745 1291 813 inda
1320 743 1500 832 conjicias,
1531 743 1624 831 quod
1655 755 1798 831 peccata

399 861 634 955 (dpepripsncc)
647 867 755 932 etiam
774 863 1070 954 destinatqoffieia
1091 893 1175 938 vero
1191 871 1348 961 perfecta
1368 867 1542 956 εὐνοήματα
1565 881 1800 956 usurparunt:

398 990 493 1058 Stcb.
509 991 532 1058 l.
551 991 575 1056 l.
593 1014 626 1078 p.
648 1000 716 1075 194,
731 1002 841 1079 atque·
857 991 985 1077 ubique
1014 996 1031 1062 ὁ
1053 998 1129 1064 sois
1150 1004 1226 1085 ἔχων
1248 995 1341 1063 idem
1365 1005 1417 1060 est
1437 1016 1476 1059 ac
1497 994 1635 1082 sapiens
1658 991 1801 1079 (σοφός),

400 1115 561 1183 omnium
580 1117 753 1183 virtutum
778 1115 965 1205 particeps.
1339 1134 1340 1138 ’
1582 1131 1587 1137 ·

609 1239 655 1304 V.
680 1254 730 1312 18ae
777 1224 970 1306 Vocabulis
995 1263 1016 1307 e
1044 1230 1281 1332 Pythagorica
1309 1245 1367 1312 vel
1395 1244 1578 1312 Platonica
1606 1243 1800 1332 disciplina

397 1365 548 1452 receptis
569 1365 787 1447 enuntiatur,
809 1365 902 1430 male
924 1364 962 1429 in
984 1365 1076 1431 bone
1099 1388 1117 1430 a
1140 1366 1218 1433 Deo
1242 1371 1414 1456 converti,
1446 1369 1483 1435 id
1506 1368 1600 1457 quod
1622 1369 1802 1455 sequenti·

395 1490 460 1556 bus
483 1488 639 1554 versibus
658 1491 765 1579 poe'ta
796 1488 937 1572 longius
959 1491 1205 1577 persequitur-3
1250 1494 1450 1560 ePlatonis
1480 1494 1598 1560 schola
1629 1495 1735 1583 plura
1759 1496 1797 1560 in

396 1613 553 1680 Stoicam
574 1612 749 1699 transisse,
771 1612 921 1678 historia
947 1612 1051 1678 docet
1072 1613 1115 1680 cf.
1137 1615 1270 1682 Philus.
1291 1617 1484 1707 Chrysipp.
1502 1617 1664 1685 fundam.
1686 1643 1723 1709 p.
1744 1634 1798 1694 90.
1844 1675 1849 1683 .

396 1739 554 1826 Aequsle
577 1749 611 1804 et
634 1736 817 1825 inaequale
838 1757 906 1822 quo
928 1758 1031 1801 sensu
1052 1738 1094 1801 ad
1117 1739 1257 1804 ethicen
1276 1741 1493 1829 pertineant,
1510 1740 1613 1807 Plato
1633 1740 1735 1808 docet
1756 1741 1794 1808 in

396 1862 545 1930 Philebo
575 1885 611 1950 p.
640 1873 681 1935 25
712 1896 752 1909 -
781 1872 833 1934 27.
898 1858 1106 1925 Cleanthem
1141 1862 1246 1946 plura
1282 1863 1351 1928 sibi
1390 1868 1618 1953 assumpsisse
1652 1866 1793 1933 Platoni

393 1989 557 2078 propria,
579 1986 648 2053 alio
670 1984 777 2050 stiam
798 1985 961 2075 exemplo
983 1985 1165 2071 docemur,
1198 1988 1292 2073 quod
1315 1988 1489 2059 Mohnike
1511 1990 1654 2059 exhibet
1675 2015 1709 2080 p.
1731 2002 1795 2065 1‘22

395 2112 594 2201 fragmento
617 2108 781 2184 secundo,
812 2129 883 2194 quc
910 2111 1044 2176 bonum
1066 2109 1276 2191 describens,
1297 2126 1439 2201 praeter
1458 2116 1570 2182 multe
1592 2116 1662 2182 alia
1684 2116 1728 2181 de
1749 2138 1794 2182 eo

392 2237 639 2327 praedicenda,
668 2234 796 2302 Stoicis
817 2235 973 2301 maxime
995 2235 1135 2321 usitata,
1158 2237 1263 2302 etiam
1286 2236 1487 2309 αὐθέκαστον
1508 2239 1663 2325 exhibet,
1696 2239 1793 2326 qued

393 2362 605 2429 vocabulum
634 2360 856 2447 explicatum
885 2370 936 2424 est
965 2380 985 2423 a
1012 2359 1338 2450 Trendelenburgio
1366 2361 1405 2426 in
1434 2359 1526 2427 libro
1557 2363 1601 2428 de
1631 2361 1794 2429 Platonis

394 2487 484 2558 ldeis
507 2497 541 2552 at
562 2484 719 2553 numeris
741 2484 887 2572 scripto.
908 2507 944 2572 p.
965 2497 1016 2559 39.

602 2608 649 2674 V.
681 2623 730 2687 19.
792 2608 966 2696 Equidem
1006 2608 1223 2675 infinitivum
1259 2624 1384 2693 menete
1420 2610 1584 2696 praetuli,
1619 2609 1702 2696 quia
1736 2609 1790 2675 ite

390 2735 607 2802 constructio
651 2733 792 2800 fecilior
835 2732 980 2800 evadere
1022 2734 1114 2799 mihi
1153 2729 1317 2819 quidem·
1336 2733 1486 2799 videtur.
1560 2733 1785 2798 Vocabulum

391 2874 518 2944 saepen
541 2861 613 2946 jam
641 2880 662 2924 a
692 2827 856 2928 Philotae
885 2872 1091 2950 usurpatum
1112 2858 1208 2926 Stob.
1230 2856 1305 2926 Ecl.
1328 2857 1355 2923 1.
1377 2879 1412 2945 p.
1434 2863 1499 2932 460
1525 2856 1621 2940 apud
1651 2857 1793 2924 Stoicus

392 2982 564 3072 singulari
592 2982 723 3049 virtuti
745 2982 943 3085 (κοσμιὲτης)
963 2985 1060 3051 Steb.
1083 2983 1157 3050 Eel.
1171 2983 1216 3050 Il.
1237 3006 1275 3070 p·
1299 2991 1360 3055 ¹06
1377 3002 1508 3048 nemen
1525 2980 1671 3067 indidit,
1701 3004 1795 3071 qnae·

392 3121 576 3180 externam
610 3117 766 3175 maxime
797 3110 951 3195 speciem
980 3110 1115 3175 indicat
1142 3108 1306 3191 virtutis,
1351 3107 1453 3173 cuins
1478 3106 1659 3195 principis
1688 3128 1792 3173 versu

336 3220 339 3227 ⁵
392 3235 615 3304 antecedente
635 3255 798 3327 expressa
819 3247 911 3302 sunt.
942 3233 1183 3303 Meladeinde
1204 3235 1235 3299 si
1256 3233 1294 3303 oi
1314 3233 1402 3317 ptis,
1418 3254 1491 3298 non
1512 3231 1639 3299 dilecta
1661 3255 1790 3298 vocan-

393 3373 464 3448 tur,
488 3363 555 3429 hcc
576 3362 619 3429 ad
638 3362 804 3431 heminas·
823 3361 989 3453 pertinet,
1017 3359 1144 3448 quibus
1173 3371 1332 3438 noceam,
1353 3359 1430 3426 Deo
1463 3369 1578 3424 antem
1606 3357 1733 3426 dilecta
1753 3370 1793 3424 et

392 3498 559 3576 exoptata
578 3502 661 3555 sunt
682 3512 749 3579 pro
770 3488 835 3556 leti
857 3486 1081 3572 necessitate,
1109 3483 1146 3551 id
1167 3482 1263 3573 qued
1281 3505 1386 3550 versu
1408 3483 1576 3551 vicesimo
1598 3482 1788 3549 indicatur.

599 3614 642 3685 V.
662 3626 714 3686 20.
737 3627 788 3689 21.
830 3611 1076 3681 SummaJovis
1097 3609 1270 3700 snpientia
1287 3611 1513 3698 cognoscitur
1527 3629 1582 3693 eo,
1599 3609 1692 3697 qnod
1709 3609 1788 3695 ipss

392 3758 501 3822 prave
523 3735 615 3804 facta
635 3740 684 3805 ita
706 3739 775 3805 sibi
796 3738 949 3825 subjicit,
983 3750 1022 3804 ut
1050 3759 1089 3803 ea
1117 3757 1198 3803 cum
1226 3735 1328 3801 bonis
1356 3735 1540 3820 conjuncta
1562 3745 1781 3818 evanescant,

391 3862 464 3931 imo
487 3885 592 3929 unam
613 3882 694 3930 cum
709 3863 752 3930 iis
773 3866 986 3952 eandemque
1008 3873 1170 3929 naturam
1193 3859 1358 3943 induant3
1382 3870 1532 3948 utraque
1556 3861 1651 3926 anim
1673 3860 1784 3925 celer·
