4380 5812
970 446 1195 520 ..4.-

392 633 634 724 Orphicorum
663 633 860 719 aequalem,
904 633 964 718 qui
993 633 1135 721 quidem
1163 645 1245 722 post
1275 631 1466 719 Diogenem
1503 633 1645 701 vixerit.
1717 636 1790 702 Pro

390 759 618 846 argumentis,
650 778 736 844 quae
757 756 911 843 tempori
932 756 1017 822 huic
1039 759 1081 822 ad
1104 758 1301 823 barbariam
1324 757 1484 844 vergenti
1505 779 1647 824 carmen
1670 757 1791 824 vindi·

390 895 488 968 cent,
531 883 645 971 primo
664 878 835 969 'epitheta
863 879 1060 946 afferuntur
1089 883 1195 949 nimis
1227 882 1457 968 accumulata,
1486 903 1593 969 eaque
1623 903 1641 947 e
1671 881 1790 948 critici

389 1008 503 1072 nostri
519 1006 690 1071 sententia
710 1005 965 1091 antiquioribus
979 1008 1095 1095 poe'tis
1108 1008 1303 1095 incognita,
1327 1007 1452 1073 deindo
1469 1006 1791 1096 oppositalongius

391 1131 513 1218 petita,
542 1141 621 1193 tum
649 1129 802 1193 solutior
829 1130 1018 1197 verborum
1045 1144 1156 1198 nexus
1184 1144 1220 1198 et
1248 1132 1447 1199 similitudo
1470 1131 1640 1218 denique,
1684 1152 1791 1218 qnam

390 1255 422 1319 ci
444 1276 523 1318 curn
547 1252 713 1341 Orphicis
734 1253 949 1323 intercedere
971 1259 1163 1325 contendit.
1212 1257 1264 1326 Ut
1290 1258 1578 1346 praetermittam
1599 1256 1792 1322 dubitatio·

388 1401 481 1461 nem,
514 1401 602 1465 quae
629 1379 671 1444 de
701 1376 944 1466 Orphicorum
967 1382 1105 1468 origine
1134 1394 1230 1470 orta,
1251 1401 1297 1449 ex
1323 1383 1380 1448 his
1408 1380 1498 1447 alius
1527 1379 1610 1444 libri
1640 1388 1794 1443 aetatem

389 1502 530 1569 definiri
559 1503 661 1569 nullo
683 1502 789 1568 modo
811 1502 908 1592 sinit,
937 1507 1136 1576 similitudo
1166 1510 1241 1593 illa,
1271 1529 1375 1596 quam
1396 1505 1441 1573 K.
1467 1503 1621 1569 maxime
1642 1502 1790 1590 premit,

390 1641 441 1695 est
469 1629 541 1695 fere
570 1628 679 1694 nulla.
749 1629 870 1694 Naxus
900 1651 984 1697 vero
1013 1631 1268 1696 sententiarum
1290 1631 1443 1695 solutior
1464 1627 1638 1715 quomodo
1661 1627 1790 1692 Stoicis

390 1755 565 1822 veteribus
586 1755 771 1822 inusitatus
794 1777 864 1820 esse
885 1757 955 1821 dici
977 1757 1105 1844 possit,
1126 1778 1206 1821 cum
1226 1776 1351 1821 eorum
1372 1755 1504 1842 scripta
1527 1754 1674 1820 omnino
1696 1753 1791 1819 inte·

389 1880 651 1967 rierint‚neque
673 1903 743 1965 quo
766 1901 892 1967 genere
914 1879 1059 1946 dicendi
1074 1880 1129 1946 usi
1150 1880 1235 1967 sint,
1257 1880 1338 1945 satis
1360 1879 1584 1944 manifestum
1606 1879 1667 1963 sit,
1689 1877 1790 1962 equi·

389 2006 469 2073 dem
497 2027 577 2070 sane
606 2027 679 2071 non
708 2005 890 2092 intelligo;
921 2006 1007 2092 imo,
1036 2027 1243 2092 quocunque
1263 2003 1368 2072 modo
1390 2014 1524 2069 veteres
1545 2003 1657 2068 Stoici
1680 2001 1789 2067 verba

388 2130 651 2211 contexuerint,
678 2135 717 2192 in
738 2130 911 2216 hymnum
933 2141 1107 2215 nostrum,
1123 2133 1255 2218 quippe
1276 2129 1340 2215 qui
1360 2128 1497 2193 nullam
1520 2128 1606 2192 artis
1630 2127 1789 2211 regulam

388 2252 599 2340 neglexerit,
636 2252 704 2318 hoo
733 2251 966 2342 opprobrium
999 2253 1145 2317 omnino
1178 2274 1250 2319 non
1280 2251 1381 2318 cadit
1447 2250 1621 2340 Opposita
1647 2259 1688 2313 ut
1714 2247 1790 2312 sint

388 2378 613 2467 quaesitiore,
645 2377 682 2443 id
709 2379 805 2464 quod
834 2346 995 2465 equidem
1024 2375 1212 2444 concedere
1243 2345 1497 2465 non-possum,
1526 2396 1643 2440 noune
1665 2373 1789 2438 eadem

389 2506 483 2594 apud
513 2504 679 2570 Senecam
705 2515 788 2568 aunt
821 2493 1047 2590 frequentia?
1089 2523 1206 2567 nonne
1242 2524 1281 2567 ea
1318 2503 1393 2590 ipsa
1431 2498 1624 2587 superioris
1661 2496 1789 2561 aetatis

387 2629 643 2718 philosophum
672 2620 858 2693 indicant?
887 2650 1006 2694 noune
1033 2626 1104 2716 ipsi
1141 2626 1363 2712 antiquiores
1386 2625 1517 2711 Stoici,
1562 2632 1734 2708 quantum
1757 2645 1791 2686 -e

388 2753 566 2820 doctrinae
594 2765 629 2818 et
656 2753 831 2821 librorum
860 2747 1020 2838 reliquiis
1044 2751 1194 2840 judicari
1227 2758 1355 2838 potest,
1390 2746 1585 2810 subtilitate
1626 2745 1790 2831 quadam

389 2891 493 2964 atque
519 2878 613 2943 miro
640 2878 831 2944 notionum
859 2870 1151 2967 opponendarum
1179 2896 1296 2942 amore
1316 2863 1551 2939 tenebantur?
1616 2871 1789 2959 Epitheta

389 3002 549 3091 denique,
579 3025 665 3089 quae
695 3004 734 3069 in
761 3005 915 3070 carmine
943 3015 1067 3070 nostro
1089 3002 1329 3092 reperiuntur,
1360 2998 1403 3063 ab
1431 2996 1628 3063 exornandi
1649 2996 1789 3061 ratione

391 3128 431 3194 in
453 3127 621 3217 Orphicis
643 3128 771 3194 usitata
794 3124 937 3194 omnino
959 3126 1095 3193 diversa
1116 3136 1209 3208 anat,
1231 3126 1323 3213 apud
1344 3123 1541 3189 Homerum
1562 3143 1662 3205 vero,
1692 3131 1727 3186 et
1748 3121 1787 3184 in

294 3290 297 3296 =
392 3253 664 3323 Homeridarum
680 3252 822 3342 hymnis
833 3271 920 3321 oum
932 3251 1147 3338 eadem,tum
1161 3249 1400 3336 multomagis
1417 3247 1595 3314 cumulata
1608 3247 1787 3332 leguntur.

595 3374 781 3446 Refutatis
793 3379 864 3466 jam
886 3378 1113 3465 argumentis,
1136 3376 1261 3464 quibus
1283 3375 1498 3441 adversarius
1520 3375 1571 3439 ita
1593 3383 1645 3438 est
1665 3371 1786 3455 nixus,

390 3508 431 3564 ut
450 3497 626 3586 Cleanthi,
648 3501 803 3568 Zenonis
825 3503 1012 3592 discipulo,
1043 3505 1215 3593 hymnum
1244 3502 1440 3591 abjudicare
1462 3499 1617 3582 auderet,
1648 3497 1690 3561 ad
1713 3496 1787 3562 eius

388 3625 637 3691 auctoritatem
673 3627 817 3693 omnino
854 3628 1136 3715 infringendam,
1179 3627 1307 3713 quibus
1338 3627 1377 3690 in
1410 3622 1511 3692 rebus
1541 3620 1683 3688 sibimet
1711 3621 1788 3708 ipse

389 3750 659 3837 repugnaverit,
703 3767 743 3820 ut
771 3754 962 3840 ostendam,
1003 3763 1120 3819 restat.
1183 3753 1254 3818 Pro
1283 3775 1321 3817 re
1350 3773 1412 3816 sua
1444 3746 1570 3816 afferre
1599 3769 1677 3813 sum
1710 3766 1786 3808 non

388 3874 532 3964 puduit,
572 3875 665 3963 quod
701 3877 812 3944 multa
842 3878 936 3966 apud
964 3877 1153 3946 stobaeum
1182 3876 1328 3943 nomina
1360 3875 1538 3964 adscripta
1574 3883 1656 3938 sunt
1685 3869 1785 3946 falsa,
