4380 5812
1292 420 1544 498 -34..

928 616 971 683 V.
992 628 1043 688 28.
1084 611 1166 678 Hoc
1186 578 1291 678 versu
1312 608 1632 699 reprehenduntur,
1664 609 1724 699 qui
1752 611 1960 678 divitiarum
1982 612 2125 700 cupidi·

720 742 786 807 tati
808 737 917 804 dediti
938 748 1033 822 sunt,
1061 759 1166 824 quam
1187 735 1303 800 Stoici·
1321 736 1545 819 φιλοπλουτίαν
1565 747 1705 821 vocant,
1737 758 1824 824 quae
1852 749 1904 803 est
1931 738 2122 803 hominnm

722 864 908 952 pecuniam
936 863 1139 951 putantium
1166 861 1458 927 adnumerandam
1487 884 1558 927 esse
1588 861 1702 947 bonis,
1731 884 1842 950 eoque
1869 862 1996 928 ducere
2028 865 2121 929 solet

721 990 967 1079 turpitudinis,
989 1000 1028 1055 ut
1048 989 1221 1077 judicium
1243 988 1374 1053 civium
1397 988 1439 1053 de
1460 1008 1497 1053 se
1519 1010 1591 1052 non
1613 1000 1813 1073 vereantur,
1836 1001 1871 1053 et
1894 1012 1937 1055 na
1960 991 2116 1078 speciem

723 1117 863 1203 qnidam
897 1116 1041 1182 virtutis
1078 1136 1216 1181 serrare
1246 1115 1419 1200 studeant,
1450 1113 1486 1180 id
1520 1114 1614 1200 quod
1642 1117 1745 1203 poe'ta
1775 1113 1945 1179 indicasse
1976 1115 2121 1182 videtur

724 1243 903 1308 vocabulis
924 1243 1029 1309 οὐδενί
1049 1238 1162 1327 κόσμῳ,
1184 1238 1227 1308 cf.
1249 1262 1338 1327 quaa
1360 1240 1438 1305 dixi
1460 1238 1663 1306 adversum
1689 1254 1737 1317 19.

930 1367 972 1434 V·
995 1379 1046 1444 29.
1088 1366 1165 1431 Jam
1193 1356 1418 1452 voluptatum
1442 1365 1616 1454 cupiditas
1638 1366 1802 1453 φιληδονία
1823 1366 2047 1452 describitur,
2077 1370 2121 1433 de

723 1513 791 1576 qua
819 1490 959 1556 disserit
989 1490 1082 1554 idem
1104 1482 1286 1556 Cleanthes
1314 1490 1512 1577 fragmento
1546 1514 1642 1558 nono
1665 1491 1759 1579 apud
1787 1492 1954 1559 Mchnike
1982 1517 2017 1582 p.
2052 1505 2122 1569 128.

725 1637 742 1678 a
765 1615 858 1680 Plut.
879 1627 1036 1683 servato:

1013 1736 1142 1828 πόρναις
1163 1767 1195 1804 τε
1218 1740 1339 1818 δοῦναι,
1358 1736 1442 1823 σῶμά
1465 1741 1489 1804 τ’
1514 1746 1558 1817 εἰς
1579 1737 1687 1817 νόσους
1706 1737 1802 1808 πεσόν

1014 1863 1168 1941 δαπάναις
1190 1869 1363 1951 ἐπιτρίψαι.

933 1987 1154 2055 Vocabulum
1175 1987 1278 2068 ἄνοσος
1303 1991 1375 2077 jam
1397 1960 1491 2077 apud
1512 1989 1696 2056 Platonem
1718 1989 1894 2081 frequens,
1917 1997 2063 2084 propria
2085 1999 2123 2063 vi

725 2114 978 2200 remissionem,
1029 2115 1194 2178 translata
1223 2115 1333 2179 ariimi
1368 2114 1584 2180 solutionem
1619 2116 1763 2187 indicat.
1817 2121 1870 2186 De
1900 2122 2124 2209 voluptatum

725 2235 917 2327 cupiditate
940 2237 983 2303 cf.
1005 2239 1099 2306 Stob.
1122 2240 1290 2328 Ecl.H.p.
1304 2250 1375 2314 176.
1419 2240 1525 2328 Diog.
1548 2241 1624 2309 Vll.
1648 2255 1708 2317 115
1731 2253 1765 2306 et
1787 2242 1940 2333 interpp.
1964 2243 2073 2311 adh.
2100 2246 2125 2311 i,

933 2364 980 2432 V.
1001 2377 1053 2437 30.
1099 2363 1205 2450 Quod
1241 2367 1282 2431 ad
1317 2368 1581 2454 grammaticam
1618 2365 1945 2452 interpretationem
1980 2368 2125 2452 attinet,

727 2486 845 2552 omnia
872 2485 946 2554 fere
975 2486 1094 2554 facilia
1124 2502 1206 2554 sunt
1228 2502 1368 2579 praeter
1396 2515 1536 2558 versum
1566 2491 1780 2559 tricesimum
1810 2512 1829 2554 a
1857 2490 1991 2555 criticis
2020 2494 2127 2559 valde

727 2622 904 2680 vexatum.
947 2612 1093 2678 Codices
1122 2616 1216 2679 enim
1246 2615 1339 2681 inter
1370 2639 1400 2684 v.
1422 2631 1464 2695 29
1487 2630 1521 2682 et
1541 2631 1585 2690 30
1613 2620 1718 2684 verba
1741 2619 1912 2685 nonnulla
1941 2621 2126 2706 exiribent,

727 2760 814 2823 quae
837 2761 901 2802 nec
923 2761 1063 2803 versum
1086 2738 1239 2805 efficiunt
1263 2712 1452 2827 integrum,
1481 2763 1545 2804 nec
1575 2763 1638 2826 per
1659 2764 1694 2804 se
1717 2741 1830 2804 ullum
1853 2742 2022 2828 praebant
2045 2767 2126 2807 sen·

716 2878 822 2933 ,sumt
853 2884 959 2948 quare
981 2874 1042 2927 aut
1061 2864 1165 2951 plura
1187 2863 1371 2951 excidisse,
1394 2876 1454 2932 aut
1474 2865 1560 2931 itaec
1582 2866 1659 2952 ipsa
1682 2865 1888 2947 redundare,
1911 2866 2125 2934 censendum

727 2999 789 3054 ast.
831 2986 921 3053 Cum
943 3008 1030 3053 vero
1050 2988 1185 3057 ultimis
1199 3010 1317 3059 versus
1338 2991 1510 3057 tricesimi
1532 2988 1647 3056 verbis
1668 2989 1752 3053 haec
1773 2998 1845 3052 tam
1879 2999 2040 3054 accurate
2070 3014 2127 3056 re·

728 3114 939 3203 spondeant,
968 3125 1010 3178 ut
1038 3115 1077 3180 in
1098 3137 1221 3181 eorum
1250 3118 1369 3182 locum
1391 3118 1558 3182 substitui
1586 3116 1742 3205 possint,
1771 3126 1866 3179 recte
1892 3137 1911 3178 a
1940 3114 2125 3182 Brunckio

728 3241 838 3329 ejecta
858 3262 932 3307 esse
951 3240 1136 3327 videntur,
1159 3243 1289 3308 etenim
1311 3244 1357 3310 ἐπ’
1375 3241 1453 3309 ἄλλο
1468 3270 1502 3309 τε
1516 3240 1630 3309 atita
1644 3247 1787 3330 φέροντες
1809 3239 1957 3304 eundem
1969 3238 2127 3307 efficiunt

718 3384 927 3453 numerum,
950 3388 1054 3455 quam
1076 3366 1160 3432 haec
1182 3369 1305 3437 verbat
1328 3372 1452 3433 ἐναντία
1470 3370 1531 3433 τῶν
1552 3367 1586 3445 δε,
1603 3372 1752 3454 γενέσθαι
1757 3396 1770 3446 ,·
1793 3367 1876 3429 haec
1898 3387 1978 3429 cum
1999 3366 2125 3452 paullo

730 3490 934 3556 obscuriora
944 3493 1100 3577 sint,illa
1117 3515 1134 3557 a
1149 3491 1377 3579 grammatico
1393 3490 1570 3578 adscripta
1581 3468 1615 3557 et
1631 3503 1752 3580 postea
1774 3491 1812 3555 in
1831 3501 1968 3555 textum
1982 3503 2125 3578 recepta

712 3615 905 3682 aidonem.
949 3610 1058 3684 Varia
1089 3620 1295 3685 criticorum
1325 3617 1510 3684 conamina
1541 3597 1695 3702 repetere
1722 3627 1757 3680 et
1783 3615 1948 3703 persequi
1976 3615 2127 3700 longum

729 3753 799 3828 ost,
825 3743 1067 3830 quamobrem
1088 3745 1141 3810 nil
1167 3744 1239 3810 nisi
1257 3766 1371 3809 meam
1392 3741 1722 3829 interpretationem
1738 3740 1929 3828 proferam.
1970 3739 2128 3807 Reiectis

728 3869 840 3955 igitur
868 3869 944 3933 istis
975 3869 1140 3955 vocibus,
1168 3868 1338 3935 adfinem
1367 3888 1485 3938 versus
1508 3865 1774 3934 undetricesimi
1797 3866 2123 3954 interpungendum
