4380 5812
970 421 1222 490 ...11-

400 605 482 671 eatie
508 605 652 693 quidem
681 602 877 690 eleganter,
914 604 975 671 sed
996 605 1112 672 minus
1141 600 1301 669 accurate
1323 604 1487 689 verterit,
1525 628 1636 694 neque
1658 630 1795 698 semper

399 730 535 816 legibus
563 729 718 794 metricis
750 750 845 793 nuere
874 731 1111 809 strictioribus
1140 729 1377 797 obedientiam
1402 731 1620 817 praebuerit,
1648 733 1794 801 Monike

400 855 560 943 quamvis
582 854 780 920 accuratior
802 854 866 941 ait,
904 878 1023 922 versus
1044 868 1162 923 tamen
1182 855 1308 922 fecerit
1330 878 1400 921 non
1421 856 1607 944 meliores,
1636 859 1794 947 Krugius

400 981 550 1067 denique
578 992 729 1068 utroque
762 980 902 1066 quidem
935 978 1148 1066 elegantior,
1190 1002 1263 1043 non
1296 980 1378 1046 satis
1408 992 1527 1069 tamen
1566 985 1609 1049 ad
1646 985 1795 1052 verbum

399 1104 536 1191 singula
556 1104 763 1191 reddiderit,
777 1105 883 1171 huius
904 1105 1111 1191 elegantiam
1128 1117 1168 1170 ut
1190 1128 1270 1169 cum
1279 1106 1457 1173 Mohnikii
1480 1106 1663 1195 diligentia
1686 1134 1795 1200 copu-

398 1231 527 1314 larem,
575 1228 689 1295 denuo
724 1224 884 1295 vertendi
928 1228 1129 1318 perieulum
1163 1228 1278 1296 facere
1315 1243 1461 1297 conatus
1497 1255 1593 1318 sum,
1639 1236 1669 1300 si
1709 1237 1794 1322 quid

398 1354 647 1441 boneefrugis
676 1355 714 1421 in
744 1354 926 1443 prioribus
957 1367 1052 1439 erat,
1086 1378 1165 1422 meo
1192 1357 1283 1441 jure,
1306 1355 1455 1442 opinor,
1496 1357 1534 1420 in
1556 1378 1655 1425 nsum
1676 1383 1793 1426 meum
1907 1418 1920 1431 r

399 1490 615 1545 convertens.

843 1643 897 1727 C.
960 1643 1353 1731 Commentariorum

386 1786 469 1864 ‘non
492 1818 620 1887 paucae
641 1796 681 1861 de
702 1795 838 1883 hymno
861 1807 983 1861 nostro
1007 1797 1240 1882 conscriptae,
1263 1807 1323 1858 aut
1345 1794 1559 1864 editionibus
1578 1810 1644 1865 'ant
1664 1802 1793 1868 versio·

397 1922 499 1986 nibus
537 1922 714 2004 adnexae,
761 1939 841 1981 cum
879 1915 953 1980 illis
987 1918 1178 1983 recensitae
1213 1927 1313 1999 sunt,
1353 1918 1480 2003 quibus
1516 1923 1666 1989 addendi
1699 1938 1792 2012 sunt,

395 2048 430 2113 l'.
449 2046 554 2112 K-i
576 2045 614 2109 in
632 2046 672 2111 B.
696 2041 962 2124 commentarii,
990 2041 1032 2106 de
1054 2042 1178 2128 quibus
1200 2040 1305 2107 initio
1328 2042 1428 2127 dixi,
1458 2043 1497 2107 in
1518 2042 1680 2112 Seebodii
1702 2051 1793 2118 Bibl.

395 2170 482 2236 crit.
514 2183 606 2247 18¹9·
655 2170 754 2235 Fasc.
776 2168 835 2237 IV.
864 2190 899 2255 p.
927 2173 1001 2239 452.
1046 2165 1144 2251 Quae
1165 2164 1312 2251 Blessig,
1334 2165 1542 2232 cludine-et
1563 2169 1727 2237 Schwabe
1751 2173 1792 2237 ad

396 2294 725 2383 interpretationem
761 2291 1009 2377 contulerunt,
1053 2289 1092 2355 in
1124 2288 1291 2355 notitiam
1326 2312 1440 2356 meam
1474 2314 1548 2358 non
1580 2315 1792 2382 pervenere3

396 2442 483 2507 quaa
505 2419 665 2484 Sturzius
697 2416 807 2503 dedit,
840 2433 997 2503 quaeque
1025 2411 1069 2477 iie
1097 2409 1232 2475 addidit
1263 2411 1322 2496 K,
1352 2435 1438 2498 quae
1465 2413 1614 2502 deniqne
1637 2420 1680 2484 ,in
1710 2421 1792 2486 crisi

395 2542 608 2609 instituenda
635 2542 809 2607 Mohnike
839 2538 981 2621 attulit,
1024 2559 1063 2601 ea
1093 2534 1137 2600 ad
1168 2556 1308 2599 sensum
1348 2548 1514 2626 excerpta
1542 2562 1606 2606 suo
1635 2544 1792 2631 quodque

392 2674 472 2736 loco
495 2667 588 2731 notis
611 2665 697 2730 meis
720 2662 863 2729 inserui.
892 2659 1069 2728 Notitiam
1091 2659 1314 2743 litterariam,
1335 2683 1439 2748 quam
1454 2664 1615 2750 exhibui,
1638 2668 1793 2734 maxime

395 2817 439 2859 ex
460 2803 559 2882 perte
587 2788 777 2858 Mohuilio
800 2798 835 2853 et
854 2784 995 2871 Krngio
1016 2783 1136 2850 debeo.
1190 2784 1310 2871 Itaque
1330 2784 1477 2854 fortasse
1506 2788 1720 2879 superfluum
1742 2806 1792 2859 est

393 2940 553 3004 monera,
575 2918 680 3003 longe
701 2915 895 2980 maximam
915 2909 1156 2976 adnotationis
1175 2922 1313 2998 partem
1333 2933 1398 3000 per
1418 2913 1539 3002 plures
1560 2938 1680 2999 annos,
1713 2941 1791 2983 curn

394 3046 533 3111 Stoicae
563 3041 730 3145 inprimis
759 3035 967 3126 disciplinae
996 3055 1142 3122 operam
1170 3045 1205 3099 et
1232 3045 1370 3124 tempus
1405 3060 1586 3125 navatem,
1622 3037 1801 3109 amemet'

395 3173 473 3258 ipso
495 3192 566 3236 esse
589 3166 833 3254 conquisitam.

564 3289 691 3361 Kidaor‘
716 3285 905 3370 ἀθανάτων,
937 3279 1134 3370 πολυώνυμε,
1147 3268 1337 3371 ’παγκρατὲς
1358 3290 1430 3367 clei,

562 3420 639 3499 Ζεῦ,
660 3386 779 3501 plocen
800 3411 910 3505 ἄρχηνέ
919 3467 931 3497 ,
956 3406 1052 3497 νόμου
1073 3406 1151 3496 μέτα
1171 3405 1275 3478 πάντα
1295 3412 1459 3499 κυβερνῶν,

562 3552 682 3632 Xatpa!
703 3536 746 3611 Συ
769 3537 828 3630 γὰρ
849 3536 998 3607 πάντεσσι
1018 3532 1114 3622 θέμις
1133 3540 1282 3623 &motos
1301 3534 1491 3625 προςαυόᾇν·

448 3756 479 3822 2)
508 3745 561 3800 τιν’
579 3747 737 3803 restitutum
755 3752 799 3801 eat
817 3759 835 3797 a
854 3740 1014 3807 Brunckio,
1041 3745 1208 3810 ante·quem
1226 3736 1373 3806 legebatur
1391 3724 1463 3796 Ζεύς.

447 3860 478 3925 tt)
503 3842 643 3914 narem,
657 3854 718 3922 jam
737 3850 910 3919 ascaligero
928 3843 1114 3915 propesitum,
1141 3859 1159 3897 a
1178 3840 1322 3896 Brunckio
1339 3842 1369 3895 in
1387 3848 1496 3896 textum
1516 3846 1558 3892 est
1576 3844 1718 3907 receptum
1737 3855 1788 3910 pro

1524 3949 1574 4018 2*
