4380 5812
967 402 1195 480 ..6-

381 598 622 684 reperiuntur,
661 593 840 660 Cleanthis
867 584 974 657 huius
1002 591 1147 677 ingenio
1176 602 1212 658 et
1244 565 1352 659 aetati
1382 596 1619 685 conveniunt,
1655 599 1716 664 sed
1744 622 1788 666 ea

381 723 549 792 accedunt
571 729 759 805 momente,
777 740 877 805 quae,
898 717 929 782 si
950 717 1105 783 auctoris
1125 739 1254 785 nomen
1275 716 1532 808 ignoraremus,
1546 723 1591 789 eb
1613 723 1682 792 hoo
1707 725 1784 812 ipso

380 846 550 917 Cleanthe
586 866 666 912 eum
696 865 767 911 esse
789 842 1040 929 compositum,
1078 843 1281 929 conjectura
1308 864 1374 909 noe
1409 847 1575 934 augurari
1608 847 1787 934 juberent.

319 946 325 962 Ι
379 973 522 1043 Etenim
555 994 635 1037 oum
670 980 744 1034 tota
774 967 940 1033 carminis
975 966 1112 1032 indoles
1141 966 1346 1034 Stoicorum
1374 968 1571 1040 doctrinam
1597 972 1786 1061 significet,

382 1122 427 1167 ex
449 1119 572 1165 eorum
593 1115 741 1159 numero
764 1092 944 1179 eligendus
966 1102 1055 1157 esset
1076 1093 1193 1180 polita,
1217 1094 1275 1159 cni
1296 1092 1336 1161 hi
1358 1114 1478 1162 versus
1499 1096 1607 1163 tribui
1628 1110 1787 1186 possent.

381 1219 582 1311 Quaerenti·
599 1230 728 1302 autem,
751 1216 828 1304 quis
849 1218 1053 1286 Stoicorum
1074 1222 1316 1306 composuerit
1332 1220 1501 1305 carmine,
1520 1234 1656 1308 praeter
1676 1223 1787 1288 illum

380 1347 535 1416 Zenonis
558 1345 786 1432 discipulum,
809 1363 912 1408 nemo
936 1344 1081 1431 opinor,
1103 1344 1272 1432 occurrit,
1305 1344 1368 1432 qui
1389 1367 1469 1412 eum
1489 1350 1617 1436 po'etae
1637 1349 1788 1414 nomine

265 1502 273 1517 ·
380 1474 507 1561 dignus
529 1472 588 1558 sit,
630 1480 709 1534 tum
730 1465 936 1535 huiusmodi
958 1448 1080 1533 verius
1102 1468 1144 1533 ab
1160 1469 1260 1535 omni
1280 1480 1381 1557 parte
1402 1467 1555 1555 insignes
1576 1470 1644 1536 sibi
1665 1469 1787 1537 vindi-

387 1619 466 1664 care
486 1580 610 1685 possib.
653 1593 762 1659 Plura
784 1592 878 1658 enirn
900 1600 1041 1655 exstant
1067 1590 1143 1654 eius
1171 1588 1368 1676 fragmenta
1389 1593 1548 1660 versibus
1576 1593 1665 1659 bene
1687 1616 1786 1660 com·

378 1721 515 1811 posita,
549 1739 657 1805 eaque
688 1718 823 1807 hymno
846 1725 968 1782 nostro
990 1736 1064 1780 non
1085 1713 1127 1779 ab
1146 1736 1213 1780 una
1232 1725 1372 1780 tantum
1393 1727 1494 1800 parte
1514 1716 1665 1800 similia3
1693 1739 1787 1803 quac

381 1848 447 1913 etsi
467 1868 578 1934 pauca
600 1855 694 1926 sunt,
715 1843 754 1907 in
785 1843 828 1908 iis
850 1851 967 1905 tamen
987 1838 1076 1925 ipsis
1096 1861 1171 1938 non
1185 1858 1300 1926 ‘genus
1321 1849 1459 1905 tanturn
1487 1862 1652 1908 versuum
1682 1864 1787 1931 repe·

383 1973 477 2037 ritur
499 1971 607 2053 idem,
629 1967 854 2034 hexametros
876 1965 956 2030 dico
979 1963 1186 2054 dactylicos,
1216 1963 1275 2029 sed
1296 1963 1489 2030 sententiae
1510 1965 1618 2030 etiam
1639 1978 1676 2031 et
1695 1967 1784 2032 ima·

378 2095 478 2181 gines
511 2094 753 2175 dictionesque
786 2113 821 2153 se
838 2133 841 2137 >
859 2090 1019 2173 produnt
1058 2077 1205 2156 omnino
1239 2089 1399 2172 eaedem,
1442 2107 1530 2172 quae
1572 2087 1611 2152 in
1645 2088 1782 2175 hymno

379 2231 516 2298 nostro,
560 2212 645 2278 alibi
689 2235 762 2277 non
804 2211 1014 2297 frequentes.
1078 2211 1267 2277 Lectorem
1308 2223 1491 2301 practerea
1531 2211 1782 2301 philosophiae

386 2340 711 2424 Graecaegnarum
734 2337 843 2402 latere
864 2359 938 2402 non
959 2346 1089 2423 potest,
1131 2346 1173 2399 ut
1204 2347 1317 2419 totam
1338 2335 1518 2404 Cleanthis
1540 2336 1780 2423 disciplinam,

380 2468 427 2530 ita
449 2462 543 2527 hunc
565 2481 702 2545 quoque
723 2458 907 2546 hymnum·
926 2459 1072 2545 vestigia
1093 2461 1258 2549 persequi
1277 2463 1469 2548 Heracliti,
1512 2461 1611 2526 cuius
1644 2459 1781 2526 librum

379 2589 421 2654 de
444 2607 563 2651 rerum
585 2594 711 2650 natura
732 2583 904 2672 scriptum
927 2607 946 2650 a
970 2581 1140 2650 Cleanthe
1169 2588 1432 2655 commentariis
1461 2607 1532 2653 esse
1561 2584 1783 2650 illustratum

372 2685 483 2776 ⁸docet
506 2709 682 2793 Diogenes
705 2706 867 2773 La'e'rtius
894 2707 988 2785 (VII.
1007 2714 1109 2794 174),
1142 2707 1236 2773 inter
1263 2708 1369 2772 huius
1398 2728 1505 2794 opera
1534 2705 1689 2773 referens
1716 2713 1782 2777 tois

342 2813 347 2822 ’
374 2833 586 2920 Ἡρακλείτου
609 2827 779 2919 &Sosiorum
799 2828 837 2900 δ’.
866 2832 1045 2902 Ultimum
1066 2833 1214 2921 denique
1236 2830 1369 2898 accedit
1389 2840 1636 2916 argumentum
1658 2831 1779 2918 idque,

379 2981 461 3024 cum
482 2957 606 3024 ceteris
627 2958 658 3022 si
680 2957 921 3044 conjungitur,
943 2957 1090 3023 minime
1117 2955 1380 3045 negligendum,
1408 2955 1503 3042 quod
1523 2976 1636 3040 neque
1664 2956 1780 3023 ullum

367 3084 554 3173 ,reperitur
575 3084 613 3147 in
635 3082 770 3171 hymno
790 3082 1000 3149 vocabulum
1024 3083 1203 3150 Cleanthis
1225 3093 1336 3148 aetate
1355 3081 1543 3166 recentius,
1567 3103 1679 3169 neque
1702 3083 1776 3148 ulla

378 3207 548 3274 vocabulo
571 3206 745 3281 tribuitur
765 3207 831 3295 vis,
846 3228 918 3271 non
933 3216 992 3272 aut
1015 3218 1113 3286 antea
1135 3201 1380 3273 indoctorum
1400 3205 1500 3272 libris
1524 3205 1652 3272 usitata
1675 3218 1737 3273 aut
1758 3231 1778 3272 a

378 3316 521 3398 Zenone
551 3342 689 3400 novata.
749 3331 802 3399 At
829 3353 909 3399 cum
935 3343 1135 3417 momente,
1170 3353 1257 3418 quae
1285 3330 1431 3397 adhibui
1458 3352 1504 3396 ex
1536 3343 1636 3457 pa'rte
1658 3331 1776 3418 aliqua

378 3453 551 3520 eiusmodi
571 3455 657 3540 sint,
676 3468 715 3521 ut
735 3458 772 3521 in
794 3460 997 3525 universum
1017 3459 1158 3546 prolate
1178 3479 1243 3546 per
1264 3479 1300 3522 se
1321 3457 1459 3545 singula
1480 3477 1606 3544 parum
1625 3457 1776 3540 valeant,

378 3578 465 3645 haec
492 3581 530 3645 in
556 3581 683 3669 hymni
712 3586 948 3651 enarratione.
971 3607 1034 3651 suo
1063 3586 1155 3651 loco·
1174 3583 1326 3672 repetita
1356 3592 1392 3646 et
1418 3590 1577 3647 accurate
1606 3597 1776 3670 perpensa
1808 3645 1815 3655 ,

376 3705 523 3794 probari
552 3718 710 3794 oportet,
746 3729 817 3794 qua
850 3710 926 3799 ipsa
966 3709 1007 3775 de
1037 3733 1152 3794 causa,
1192 3709 1223 3775 si
1254 3705 1390 3796 qnando
1420 3704 1460 3770 in
1489 3704 1774 3772 annotationibus

378 3830 571 3898 scribendis
593 3831 735 3920 longius
758 3834 914 3919 excurri,
937 3835 1016 3901 'hoc
1037 3835 1120 3902 satis
1143 3857 1267 3904 censeo
1289 3840 1505 3901 excusatum.
