<?xml version="1.0" encoding="UTF-8"?>
<!DOCTYPE html PUBLIC "-//W3C//DTD XHTML 1.0 Transitional//EN"
    "http://www.w3.org/TR/xhtml1/DTD/xhtml1-transitional.dtd">
<html xmlns="http://www.w3.org/1999/xhtml" xml:lang="en" lang="en">
 <head>
  <title>
</title>
<meta http-equiv="Content-Type" content="text/html;charset=utf-8" />
  <meta name='ocr-system' content='tesseract 3.04.00' />
  <meta name='ocr-capabilities' content='ocr_page ocr_carea ocr_par ocr_line ocrx_word'/>
</head>
<body>
  <div class='ocr_page' id='page_1' title='image "./cleanthisstoici00petegoog_0030.png"; bbox 0 0 4380 5812; ppageno 0'>
   <div class='ocr_carea' id='block_1_1' title="bbox 655 462 908 536">
    <p class='ocr_par' dir='ltr' id='par_1_1' title="bbox 655 462 908 536">
     <span class='ocr_line' id='line_1_1' title="bbox 655 462 908 536; baseline -0.004 -26"><span class='ocrx_word' id='word_1_1' title='bbox 655 462 908 536; x_wconf 79' lang='lat'>..17-</span> 
     </span>
    </p>
   </div>
   <div class='ocr_carea' id='block_1_2' title="bbox 79 647 1556 2845">
    <p class='ocr_par' dir='ltr' id='par_1_2' title="bbox 80 647 1556 1362">
     <span class='ocr_line' id='line_1_2' title="bbox 81 647 1479 740; baseline 0.004 -26"><span class='ocrx_word' id='word_1_2' title='bbox 81 669 117 714; x_wconf 87' lang='lat' dir='ltr'><strong>aa</strong></span> <span class='ocrx_word' id='word_1_3' title='bbox 138 647 285 734; x_wconf 81' lang='lat' dir='ltr'><strong>dividat,</strong></span> <span class='ocrx_word' id='word_1_4' title='bbox 312 667 465 734; x_wconf 84' lang='lat' dir='ltr'><strong>quornm</strong></span> <span class='ocrx_word' id='word_1_5' title='bbox 485 649 652 736; x_wconf 90' lang='lat' dir='ltr'><strong>princeps</strong></span> <span class='ocrx_word' id='word_1_6' title='bbox 682 651 728 714; x_wconf 89' lang='lat' dir='ltr'><strong>sit</strong></span> <span class='ocrx_word' id='word_1_7' title='bbox 753 651 905 739; x_wconf 82' lang='lat' dir='ltr'><strong>Jupiter.</strong></span> <span class='ocrx_word' id='word_1_8' title='bbox 929 649 1001 718; x_wconf 66' lang='lat' dir='ltr'><strong>of.</strong></span> <span class='ocrx_word' id='word_1_9' title='bbox 1028 652 1134 740; x_wconf 87' lang='lat' dir='ltr'><strong>Diog.</strong></span> <span class='ocrx_word' id='word_1_10' title='bbox 1162 652 1279 719; x_wconf 77' lang='lat' dir='ltr'><strong>Lab&#39;rt.</strong></span> <span class='ocrx_word' id='word_1_11' title='bbox 1303 654 1373 720; x_wconf 89' lang='lat' dir='ltr'><strong>Vll</strong></span> <span class='ocrx_word' id='word_1_12' title='bbox 1407 661 1479 730; x_wconf 83' lang='lat'><strong>147.</strong></span> 
     </span>
     <span class='ocr_line' id='line_1_3' title="bbox 80 773 1480 866; baseline 0.003 -26"><span class='ocrx_word' id='word_1_13' title='bbox 80 775 178 842; x_wconf 86' lang='lat' dir='ltr'><strong>Stob.</strong></span> <span class='ocrx_word' id='word_1_14' title='bbox 206 777 231 840; x_wconf 95' lang='grc' dir='ltr'><strong>Ι.</strong></span> <span class='ocrx_word' id='word_1_15' title='bbox 260 789 291 850; x_wconf 85' lang='grc'><strong>3.</strong></span> <span class='ocrx_word' id='word_1_16' title='bbox 321 785 372 846; x_wconf 75' lang='lat'><strong>28.</strong></span> <span class='ocrx_word' id='word_1_17' title='bbox 399 796 435 861; x_wconf 81' lang='grc' dir='ltr'><strong>Ρ.</strong></span> <span class='ocrx_word' id='word_1_18' title='bbox 457 783 508 848; x_wconf 77' lang='lat'><strong>60.</strong></span> <span class='ocrx_word' id='word_1_19' title='bbox 574 773 647 843; x_wconf 86' lang='lat' dir='ltr'><strong>Cio.</strong></span> <span class='ocrx_word' id='word_1_20' title='bbox 667 777 766 866; x_wconf 86' lang='lat' dir='ltr'><strong>Nat.</strong></span> <span class='ocrx_word' id='word_1_21' title='bbox 788 775 898 842; x_wconf 88' lang='lat' dir='ltr'><strong>Deor.</strong></span> <span class='ocrx_word' id='word_1_22' title='bbox 925 775 967 842; x_wconf 93' lang='grc' dir='ltr'><strong>Π.</strong></span> <span class='ocrx_word' id='word_1_23' title='bbox 996 798 1025 845; x_wconf 90' lang='lat' dir='ltr'><strong>c.</strong></span> <span class='ocrx_word' id='word_1_24' title='bbox 1053 791 1095 852; x_wconf 68' lang='lat'><strong>23</strong></span> <span class='ocrx_word' id='word_1_25' title='bbox 1123 789 1196 843; x_wconf 77' lang='lat' dir='ltr'><strong>etc:</strong></span> <span class='ocrx_word' id='word_1_26' title='bbox 1224 776 1423 866; x_wconf 76' lang='grc' dir='ltr'><strong><em>Παγκρατής,</em></strong></span> <span class='ocrx_word' id='word_1_27' title='bbox 1450 780 1480 844; x_wconf 88' lang='lat' dir='ltr'><strong>si</strong></span> 
     </span>
     <span class='ocr_line' id='line_1_4' title="bbox 80 895 1481 984; baseline 0.001 -23"><span class='ocrx_word' id='word_1_28' title='bbox 80 918 154 961; x_wconf 88' lang='lat' dir='ltr'><strong>non</strong></span> <span class='ocrx_word' id='word_1_29' title='bbox 171 895 288 983; x_wconf 83' lang='lat' dir='ltr'><strong>prius,</strong></span> <span class='ocrx_word' id='word_1_30' title='bbox 311 906 405 961; x_wconf 87' lang='lat' dir='ltr'><strong>certe</strong></span> <span class='ocrx_word' id='word_1_31' title='bbox 426 896 518 983; x_wconf 88' lang='lat' dir='ltr'><strong>apud</strong></span> <span class='ocrx_word' id='word_1_32' title='bbox 541 895 754 984; x_wconf 80' lang='lat' dir='ltr'>Sophoclem</span> <span class='ocrx_word' id='word_1_33' title='bbox 774 902 869 967; x_wconf 90' lang='lat' dir='ltr'><strong>Deus</strong></span> <span class='ocrx_word' id='word_1_34' title='bbox 891 898 1311 983; x_wconf 61' lang='lat' dir='ltr'><strong>resumption-1434,</strong></span> <span class='ocrx_word' id='word_1_35' title='bbox 1334 897 1377 962; x_wconf 83' lang='lat' dir='ltr'><strong>ci.</strong></span> <span class='ocrx_word' id='word_1_36' title='bbox 1392 897 1481 963; x_wconf 88' lang='lat' dir='ltr'><strong>Her·</strong></span> 
     </span>
     <span class='ocr_line' id='line_1_5' title="bbox 81 1018 1480 1110; baseline 0.003 -26"><span class='ocrx_word' id='word_1_37' title='bbox 81 1041 186 1084; x_wconf 86' lang='lat' dir='ltr'><strong>mann</strong></span> <span class='ocrx_word' id='word_1_38' title='bbox 206 1018 258 1084; x_wconf 87' lang='lat' dir='ltr'><strong>ad.</strong></span> <span class='ocrx_word' id='word_1_39' title='bbox 273 1020 344 1088; x_wconf 84' lang='lat' dir='ltr'><strong>h.l.</strong></span> <span class='ocrx_word' id='word_1_40' title='bbox 408 1019 441 1084; x_wconf 90' lang='lat' dir='ltr'>A</span> <span class='ocrx_word' id='word_1_41' title='bbox 460 1020 589 1086; x_wconf 79' lang='lat' dir='ltr'>Stoicis</span> <span class='ocrx_word' id='word_1_42' title='bbox 610 1044 751 1110; x_wconf 87' lang='lat' dir='ltr'><strong>quoque</strong></span> <span class='ocrx_word' id='word_1_43' title='bbox 772 1048 947 1092; x_wconf 86' lang='lat' dir='ltr'><strong>summum</strong></span> <span class='ocrx_word' id='word_1_44' title='bbox 969 1024 1084 1091; x_wconf 86' lang='lat' dir='ltr'><strong>Deum</strong></span> <span class='ocrx_word' id='word_1_45' title='bbox 1106 1023 1388 1110; x_wconf 85' lang='lat' dir='ltr'><strong>omnipotentem</strong></span> <span class='ocrx_word' id='word_1_46' title='bbox 1409 1044 1480 1088; x_wconf 86' lang='lat' dir='ltr'><strong>esse</strong></span> 
     </span>
     <span class='ocr_line' id='line_1_6' title="bbox 80 1145 1556 1239; baseline 0.001 -29"><span class='ocrx_word' id='word_1_47' title='bbox 80 1145 252 1229; x_wconf 86' lang='lat' dir='ltr'><strong>habitum,</strong></span> <span class='ocrx_word' id='word_1_48' title='bbox 274 1145 573 1214; x_wconf 76' lang='lat' dir='ltr'><strong>demonstratione</strong></span> <span class='ocrx_word' id='word_1_49' title='bbox 594 1171 667 1215; x_wconf 90' lang='lat' dir='ltr'><strong>non</strong></span> <span class='ocrx_word' id='word_1_50' title='bbox 689 1161 782 1238; x_wconf 84' lang='lat' dir='ltr'><strong>eget:</strong></span> <span class='ocrx_word' id='word_1_51' title='bbox 806 1173 911 1239; x_wconf 87' lang='lat' dir='ltr'><strong>quam</strong></span> <span class='ocrx_word' id='word_1_52' title='bbox 937 1152 965 1215; x_wconf 91' lang='lat' dir='ltr'><strong>si</strong></span> <span class='ocrx_word' id='word_1_53' title='bbox 989 1150 1066 1236; x_wconf 88' lang='lat' dir='ltr'><strong>quis</strong></span> <span class='ocrx_word' id='word_1_54' title='bbox 1087 1146 1273 1229; x_wconf 81' lang='lat' dir='ltr'><strong>desiderat,</strong></span> <span class='ocrx_word' id='word_1_55' title='bbox 1289 1145 1480 1212; x_wconf 89' lang='lat' dir='ltr'><strong>secundum</strong></span> <span class='ocrx_word' id='word_1_56' title='bbox 1553 1160 1556 1165; x_wconf 89' lang='grc'><strong>’</strong></span> 
     </span>
     <span class='ocr_line' id='line_1_7' title="bbox 82 1268 837 1362; baseline 0.011 -28"><span class='ocrx_word' id='word_1_57' title='bbox 82 1268 264 1335; x_wconf 84' lang='lat' dir='ltr'><strong>Ciceronis</strong></span> <span class='ocrx_word' id='word_1_58' title='bbox 285 1269 328 1335; x_wconf 94' lang='lat' dir='ltr'><strong>de</strong></span> <span class='ocrx_word' id='word_1_59' title='bbox 349 1273 430 1339; x_wconf 88' lang='lat' dir='ltr'><strong>Nat</strong></span> <span class='ocrx_word' id='word_1_60' title='bbox 451 1268 558 1336; x_wconf 91' lang='lat' dir='ltr'><strong>Deor.</strong></span> <span class='ocrx_word' id='word_1_61' title='bbox 579 1272 712 1340; x_wconf 82' lang='lat' dir='ltr'><strong>librum</strong></span> <span class='ocrx_word' id='word_1_62' title='bbox 734 1277 837 1362; x_wconf 84' lang='lat' dir='ltr'><strong>legat.</strong></span> 
     </span>
    </p>

    <p class='ocr_par' dir='ltr' id='par_1_3' title="bbox 79 1393 1484 2845">
     <span class='ocr_line' id='line_1_8' title="bbox 292 1393 1482 1487; baseline 0 -29"><span class='ocrx_word' id='word_1_63' title='bbox 292 1393 338 1458; x_wconf 88' lang='lat' dir='ltr'><strong>V.</strong></span> <span class='ocrx_word' id='word_1_64' title='bbox 361 1407 392 1469; x_wconf 76' lang='lat'><strong>2.</strong></span> <span class='ocrx_word' id='word_1_65' title='bbox 432 1396 510 1461; x_wconf 82' lang='lat' dir='ltr'><strong>Jam</strong></span> <span class='ocrx_word' id='word_1_66' title='bbox 531 1401 730 1464; x_wconf 75' lang='lat' dir='ltr'><strong>accuratius</strong></span> <span class='ocrx_word' id='word_1_67' title='bbox 750 1399 918 1464; x_wconf 77' lang='lat' dir='ltr'><strong>describit</strong></span> <span class='ocrx_word' id='word_1_68' title='bbox 936 1401 1044 1487; x_wconf 80' lang='lat' dir='ltr'><strong>poe&#39;ta</strong></span> <span class='ocrx_word' id='word_1_69' title='bbox 1064 1393 1163 1460; x_wconf 80' lang='lat' dir='ltr'><strong>Iovis</strong></span> <span class='ocrx_word' id='word_1_70' title='bbox 1184 1401 1346 1456; x_wconf 88' lang='lat' dir='ltr'><strong>naturam</strong></span> <span class='ocrx_word' id='word_1_71' title='bbox 1368 1395 1482 1458; x_wconf 88' lang='lat' dir='ltr'><strong>nomi-</strong></span> 
     </span>
     <span class='ocr_line' id='line_1_9' title="bbox 81 1517 1481 1612; baseline 0 -28"><span class='ocrx_word' id='word_1_72' title='bbox 81 1517 335 1604; x_wconf 88' lang='lat' dir='ltr'><strong>nibus,quibus</strong></span> <span class='ocrx_word' id='word_1_73' title='bbox 357 1541 438 1585; x_wconf 87' lang='lat' dir='ltr'><strong>eum</strong></span> <span class='ocrx_word' id='word_1_74' title='bbox 460 1520 531 1586; x_wconf 91' lang='lat' dir='ltr'><strong>hoc</strong></span> <span class='ocrx_word' id='word_1_75' title='bbox 550 1545 653 1590; x_wconf 85' lang='lat' dir='ltr'><strong>versu</strong></span> <span class='ocrx_word' id='word_1_76' title='bbox 673 1535 795 1589; x_wconf 86' lang='lat' dir='ltr'><strong>ornat:</strong></span> <span class='ocrx_word' id='word_1_77' title='bbox 816 1525 983 1612; x_wconf 90' lang='lat' dir='ltr'><strong>princeps</strong></span> <span class='ocrx_word' id='word_1_78' title='bbox 996 1533 1142 1587; x_wconf 74' lang='lat' dir='ltr'><strong>naturae</strong></span> <span class='ocrx_word' id='word_1_79' title='bbox 1156 1518 1230 1581; x_wconf 87' lang='lat' dir='ltr'><strong>dux</strong></span> <span class='ocrx_word' id='word_1_80' title='bbox 1247 1527 1350 1602; x_wconf 86' lang='lat' dir='ltr'><strong>atque</strong></span> <span class='ocrx_word' id='word_1_81' title='bbox 1363 1529 1481 1584; x_wconf 85' lang='lat' dir='ltr'><strong>rector</strong></span> 
     </span>
     <span class='ocr_line' id='line_1_10' title="bbox 84 1640 1481 1737; baseline -0.001 -27"><span class='ocrx_word' id='word_1_82' title='bbox 84 1655 233 1710; x_wconf 83' lang='lat' dir='ltr'><strong>vocatur</strong></span> <span class='ocrx_word' id='word_1_83' title='bbox 253 1644 396 1730; x_wconf 81' lang='lat' dir='ltr'><strong>Jupiter</strong></span> <span class='ocrx_word' id='word_1_84' title='bbox 414 1641 533 1728; x_wconf 73' lang='grc' dir='ltr'><strong><em>φύσεως</em></strong></span> <span class='ocrx_word' id='word_1_85' title='bbox 546 1645 694 1737; x_wconf 52' lang='grc' dir='ltr'><strong>ἀρχηγός</strong></span> <span class='ocrx_word' id='word_1_86' title='bbox 715 1648 826 1713; x_wconf 89' lang='lat' dir='ltr'><strong>simili</strong></span> <span class='ocrx_word' id='word_1_87' title='bbox 847 1647 987 1714; x_wconf 85' lang='lat' dir='ltr'><strong>ratione</strong></span> <span class='ocrx_word' id='word_1_88' title='bbox 1009 1644 1103 1734; x_wconf 91' lang='lat' dir='ltr'><strong>apud</strong></span> <span class='ocrx_word' id='word_1_89' title='bbox 1111 1640 1481 1710; x_wconf 75' lang='lat' dir='ltr'><strong>Aristotelem&#39;Thates</strong></span> 
     </span>
     <span class='ocr_line' id='line_1_11' title="bbox 80 1762 1482 1856; baseline 0.002 -22"><span class='ocrx_word' id='word_1_90' title='bbox 80 1769 99 1830; x_wconf 75' lang='grc' dir='ltr'><em>ὃ</em></span> <span class='ocrx_word' id='word_1_91' title='bbox 125 1772 183 1854; x_wconf 73' lang='grc' dir='ltr'><strong>τῆς</strong></span> <span class='ocrx_word' id='word_1_92' title='bbox 199 1762 344 1853; x_wconf 73' lang='grc' dir='ltr'><strong>τοιαύτης</strong></span> <span class='ocrx_word' id='word_1_93' title='bbox 369 1763 497 1856; x_wconf 66' lang='grc' dir='ltr'><strong>ἀρχηγὸς</strong></span> <span class='ocrx_word' id='word_1_94' title='bbox 516 1773 700 1855; x_wconf 80' lang='grc' dir='ltr'><strong><em>φιλοσοφίας</em></strong></span> <span class='ocrx_word' id='word_1_95' title='bbox 720 1783 870 1836; x_wconf 86' lang='lat' dir='ltr'><strong>vocatur</strong></span> <span class='ocrx_word' id='word_1_96' title='bbox 891 1771 978 1837; x_wconf 88' lang='lat' dir='ltr'><strong>Met.</strong></span> <span class='ocrx_word' id='word_1_97' title='bbox 999 1773 1026 1839; x_wconf 93' lang='lat'><strong>1.</strong></span> <span class='ocrx_word' id='word_1_98' title='bbox 1049 1792 1077 1838; x_wconf 86' lang='lat' dir='ltr'><strong>c.</strong></span> <span class='ocrx_word' id='word_1_99' title='bbox 1097 1781 1130 1841; x_wconf 87' lang='grc'><strong>3.</strong></span> <span class='ocrx_word' id='word_1_100' title='bbox 1149 1791 1185 1856; x_wconf 80' lang='grc' dir='ltr'><strong>Ρ.</strong></span> <span class='ocrx_word' id='word_1_101' title='bbox 1208 1780 1259 1842; x_wconf 87' lang='grc'><strong>10.</strong></span> <span class='ocrx_word' id='word_1_102' title='bbox 1281 1766 1335 1833; x_wconf 74' lang='lat' dir='ltr'><strong>ed.</strong></span> <span class='ocrx_word' id='word_1_103' title='bbox 1355 1768 1482 1833; x_wconf 74' lang='lat' dir='ltr'><strong>Brend-</strong></span> 
     </span>
     <span class='ocr_line' id='line_1_12' title="bbox 80 1888 1480 1980; baseline 0.004 -25"><span class='ocrx_word' id='word_1_104' title='bbox 80 1891 213 1956; x_wconf 78' lang='lat' dir='ltr'><strong>‚Eodem</strong></span> <span class='ocrx_word' id='word_1_105' title='bbox 235 1891 408 1958; x_wconf 86' lang='lat' dir='ltr'><strong>vocabulo</strong></span> <span class='ocrx_word' id='word_1_106' title='bbox 430 1914 511 1957; x_wconf 89' lang='lat' dir='ltr'><strong>usus</strong></span> <span class='ocrx_word' id='word_1_107' title='bbox 533 1902 586 1957; x_wconf 88' lang='lat' dir='ltr'><strong>est</strong></span> <span class='ocrx_word' id='word_1_108' title='bbox 606 1890 819 1958; x_wconf 76' lang='lat' dir='ltr'><strong>Posidonius</strong></span> <span class='ocrx_word' id='word_1_109' title='bbox 840 1891 935 1980; x_wconf 89' lang='lat' dir='ltr'><strong>apud</strong></span> <span class='ocrx_word' id='word_1_110' title='bbox 957 1891 1089 1959; x_wconf 88' lang='lat' dir='ltr'><strong>Stob.l.</strong></span> <span class='ocrx_word' id='word_1_111' title='bbox 1112 1897 1163 1961; x_wconf 76' lang='lat'><strong>14.</strong></span> <span class='ocrx_word' id='word_1_112' title='bbox 1183 1913 1221 1976; x_wconf 85' lang='lat' dir='ltr'><strong>p·</strong></span> <span class='ocrx_word' id='word_1_113' title='bbox 1242 1904 1306 1967; x_wconf 68' lang='grc'><strong>338</strong></span> <span class='ocrx_word' id='word_1_114' title='bbox 1326 1888 1362 1959; x_wconf 83' lang='grc' dir='ltr'><strong>τὸ</strong></span> <span class='ocrx_word' id='word_1_115' title='bbox 1379 1895 1480 1961; x_wconf 77' lang='grc' dir='ltr'><strong><em>αἴτιον</em></strong></span> 
     </span>
     <span class='ocr_line' id='line_1_13' title="bbox 80 2011 1484 2104; baseline 0.003 -25"><span class='ocrx_word' id='word_1_116' title='bbox 80 2015 251 2083; x_wconf 86' lang='lat' dir='ltr'><strong>definiens</strong></span> <span class='ocrx_word' id='word_1_117' title='bbox 275 2011 311 2082; x_wconf 76' lang='lat' dir='ltr'><strong>ab</strong></span> <span class='ocrx_word' id='word_1_118' title='bbox 331 2011 464 2102; x_wconf 65' lang='grc' dir='ltr'><strong>ἀρχηγὸν</strong></span> <span class='ocrx_word' id='word_1_119' title='bbox 482 2014 648 2102; x_wconf 60' lang='lat' dir='ltr'><strong>malceno:</strong></span> <span class='ocrx_word' id='word_1_120' title='bbox 670 2016 792 2104; x_wconf 88' lang='lat' dir='ltr'><strong>paullo</strong></span> <span class='ocrx_word' id='word_1_121' title='bbox 813 2016 921 2081; x_wconf 87' lang='lat' dir='ltr'><strong>latius</strong></span> <span class='ocrx_word' id='word_1_122' title='bbox 941 2028 1039 2103; x_wconf 90' lang='lat' dir='ltr'><strong>patet</strong></span> <span class='ocrx_word' id='word_1_123' title='bbox 1061 2016 1114 2082; x_wconf 85' lang='lat' dir='ltr'><strong>vis</strong></span> <span class='ocrx_word' id='word_1_124' title='bbox 1136 2014 1300 2081; x_wconf 81' lang='lat' dir='ltr'><strong>vocabuli</strong></span> <span class='ocrx_word' id='word_1_125' title='bbox 1321 2016 1484 2103; x_wconf 68' lang='grc' dir='ltr'><strong>ἀρχηγέτης</strong></span> 
     </span>
     <span class='ocr_line' id='line_1_14' title="bbox 79 2128 1483 2228; baseline 0.002 -26"><span class='ocrx_word' id='word_1_126' title='bbox 79 2138 173 2226; x_wconf 86' lang='lat' dir='ltr'><strong>apud</strong></span> <span class='ocrx_word' id='word_1_127' title='bbox 195 2138 379 2205; x_wconf 86' lang='lat' dir='ltr'><strong>Platonem</strong></span> <span class='ocrx_word' id='word_1_128' title='bbox 400 2141 485 2228; x_wconf 80' lang='lat' dir='ltr'><strong>Lys.</strong></span> <span class='ocrx_word' id='word_1_129' title='bbox 507 2162 536 2207; x_wconf 92' lang='lat' dir='ltr'><strong>c.</strong></span> <span class='ocrx_word' id='word_1_130' title='bbox 558 2154 633 2228; x_wconf 30' lang='lat' dir='ltr'><strong>5vp.</strong></span> <span class='ocrx_word' id='word_1_131' title='bbox 653 2152 719 2213; x_wconf 75' lang='lat'><strong>205</strong></span> <span class='ocrx_word' id='word_1_132' title='bbox 738 2139 771 2204; x_wconf 89' lang='lat' dir='ltr'><strong>d.</strong></span> <span class='ocrx_word' id='word_1_133' title='bbox 799 2139 842 2204; x_wconf 88' lang='lat' dir='ltr'><strong>ad</strong></span> <span class='ocrx_word' id='word_1_134' title='bbox 865 2128 970 2225; x_wconf 81' lang='lat' dir='ltr'><strong>quem</strong></span> <span class='ocrx_word' id='word_1_135' title='bbox 999 2141 1115 2204; x_wconf 90' lang='lat' dir='ltr'><strong>locum</strong></span> <span class='ocrx_word' id='word_1_136' title='bbox 1143 2159 1231 2222; x_wconf 87' lang='lat' dir='ltr'><strong>quae</strong></span> <span class='ocrx_word' id='word_1_137' title='bbox 1252 2138 1483 2204; x_wconf 77' lang='lat' dir='ltr'><strong>Heindorfi&#39;us</strong></span> 
     </span>
     <span class='ocr_line' id='line_1_15' title="bbox 79 2260 1483 2351; baseline 0.001 -25"><span class='ocrx_word' id='word_1_138' title='bbox 79 2262 275 2348; x_wconf 78' lang='lat' dir='ltr'><strong>annotavit,</strong></span> <span class='ocrx_word' id='word_1_139' title='bbox 306 2263 525 2351; x_wconf 85' lang='lat' dir='ltr'><strong>inspicienda</strong></span> <span class='ocrx_word' id='word_1_140' title='bbox 554 2275 646 2331; x_wconf 82' lang='lat' dir='ltr'><strong>sunt.</strong></span> <span class='ocrx_word' id='word_1_141' title='bbox 701 2261 808 2326; x_wconf 75' lang='lat' dir='ltr'><strong>Poeta</strong></span> <span class='ocrx_word' id='word_1_142' title='bbox 837 2261 950 2347; x_wconf 84' lang='lat' dir='ltr'><strong>igitur</strong></span> <span class='ocrx_word' id='word_1_143' title='bbox 976 2261 1140 2351; x_wconf 84' lang='lat' dir='ltr'><strong>profecto</strong></span> <span class='ocrx_word' id='word_1_144' title='bbox 1162 2260 1278 2326; x_wconf 86' lang='lat' dir='ltr'><strong>Deum</strong></span> <span class='ocrx_word' id='word_1_145' title='bbox 1307 2260 1483 2347; x_wconf 84' lang='lat' dir='ltr'><strong>significat</strong></span> 
     </span>
     <span class='ocr_line' id='line_1_16' title="bbox 80 2383 1483 2474; baseline 0.001 -24"><span class='ocrx_word' id='word_1_146' title='bbox 80 2397 287 2470; x_wconf 77' lang='lat' dir='ltr'><strong>creatorem,</strong></span> <span class='ocrx_word' id='word_1_147' title='bbox 317 2387 378 2474; x_wconf 88' lang='lat' dir='ltr'><strong>qui</strong></span> <span class='ocrx_word' id='word_1_148' title='bbox 407 2387 476 2453; x_wconf 89' lang='lat' dir='ltr'><strong>hoc</strong></span> <span class='ocrx_word' id='word_1_149' title='bbox 507 2386 648 2473; x_wconf 88' lang='lat' dir='ltr'><strong>quidem</strong></span> <span class='ocrx_word' id='word_1_150' title='bbox 674 2387 756 2451; x_wconf 92' lang='lat' dir='ltr'><strong>loco</strong></span> <span class='ocrx_word' id='word_1_151' title='bbox 784 2395 904 2471; x_wconf 87' lang='lat' dir='ltr'><strong>aperte</strong></span> <span class='ocrx_word' id='word_1_152' title='bbox 935 2407 955 2448; x_wconf 89' lang='lat' dir='ltr'><strong>a</strong></span> <span class='ocrx_word' id='word_1_153' title='bbox 982 2398 1109 2450; x_wconf 87' lang='lat' dir='ltr'><strong>natura</strong></span> <span class='ocrx_word' id='word_1_154' title='bbox 1145 2383 1391 2471; x_wconf 81' lang='lat' dir='ltr'><strong>distinguitur,</strong></span> <span class='ocrx_word' id='word_1_155' title='bbox 1421 2407 1483 2452; x_wconf 76' lang='lat' dir='ltr'><strong>vo·</strong></span> 
     </span>
     <span class='ocr_line' id='line_1_17' title="bbox 80 2504 1483 2595; baseline 0.001 -21"><span class='ocrx_word' id='word_1_156' title='bbox 80 2510 204 2578; x_wconf 87' lang='lat' dir='ltr'><strong>cabulo</strong></span> <span class='ocrx_word' id='word_1_157' title='bbox 225 2508 331 2578; x_wconf 79' lang='grc' dir='ltr'><strong><em>πάντα</em></strong></span> <span class='ocrx_word' id='word_1_158' title='bbox 352 2509 561 2595; x_wconf 87' lang='lat' dir='ltr'><strong>significata,</strong></span> <span class='ocrx_word' id='word_1_159' title='bbox 584 2522 624 2574; x_wconf 88' lang='lat' dir='ltr'><strong>ut</strong></span> <span class='ocrx_word' id='word_1_160' title='bbox 643 2533 677 2577; x_wconf 84' lang='lat' dir='ltr'><strong>v·</strong></span> <span class='ocrx_word' id='word_1_161' title='bbox 696 2523 744 2581; x_wconf 82' lang='lat'><strong>11·</strong></span> <span class='ocrx_word' id='word_1_162' title='bbox 760 2508 876 2573; x_wconf 84' lang='lat' dir='ltr'><strong>verbis</strong></span> <span class='ocrx_word' id='word_1_163' title='bbox 900 2504 1030 2587; x_wconf 74' lang='grc' dir='ltr'><strong><em>Φύσεως</em></strong></span> <span class='ocrx_word' id='word_1_164' title='bbox 1051 2506 1165 2576; x_wconf 71' lang='grc' dir='ltr'><strong>πάντα.</strong></span> <span class='ocrx_word' id='word_1_165' title='bbox 1205 2506 1349 2594; x_wconf 81' lang='lat' dir='ltr'><strong>Jupiter</strong></span> <span class='ocrx_word' id='word_1_166' title='bbox 1371 2510 1483 2594; x_wconf 88' lang='lat' dir='ltr'><strong>igitur</strong></span> 
     </span>
     <span class='ocr_line' id='line_1_18' title="bbox 87 2630 1483 2720; baseline 0 -20"><span class='ocrx_word' id='word_1_167' title='bbox 87 2647 226 2701; x_wconf 85' lang='lat' dir='ltr'><strong>creator</strong></span> <span class='ocrx_word' id='word_1_168' title='bbox 256 2646 291 2700; x_wconf 87' lang='lat' dir='ltr'><strong>et</strong></span> <span class='ocrx_word' id='word_1_169' title='bbox 320 2634 533 2720; x_wconf 84' lang='lat' dir='ltr'><strong>gubernator</strong></span> <span class='ocrx_word' id='word_1_170' title='bbox 565 2644 617 2697; x_wconf 87' lang='lat' dir='ltr'><strong>est</strong></span> <span class='ocrx_word' id='word_1_171' title='bbox 646 2631 816 2715; x_wconf 78' lang='lat' dir='ltr'><strong>universi,</strong></span> <span class='ocrx_word' id='word_1_172' title='bbox 846 2631 941 2717; x_wconf 91' lang='lat' dir='ltr'><strong>quod</strong></span> <span class='ocrx_word' id='word_1_173' title='bbox 970 2634 1140 2718; x_wconf 79' lang='lat' dir='ltr'><strong>gubernat</strong></span> <span class='ocrx_word' id='word_1_174' title='bbox 1169 2653 1236 2717; x_wconf 87' lang='lat' dir='ltr'><strong>ope</strong></span> <span class='ocrx_word' id='word_1_175' title='bbox 1266 2630 1366 2716; x_wconf 82' lang='lat' dir='ltr'><strong>legis,</strong></span> <span class='ocrx_word' id='word_1_176' title='bbox 1396 2654 1483 2718; x_wconf 82' lang='lat' dir='ltr'><strong>quae</strong></span> 
     </span>
     <span class='ocr_line' id='line_1_19' title="bbox 82 2731 1483 2845; baseline -0.001 -22"><span class='ocrx_word' id='word_1_177' title='bbox 82 2759 176 2825; x_wconf 89' lang='lat' dir='ltr'><strong>iuter</strong></span> <span class='ocrx_word' id='word_1_178' title='bbox 205 2758 323 2845; x_wconf 86' lang='lat' dir='ltr'><strong>ipsum</strong></span> <span class='ocrx_word' id='word_1_179' title='bbox 354 2768 389 2823; x_wconf 87' lang='lat' dir='ltr'><strong>et</strong></span> <span class='ocrx_word' id='word_1_180' title='bbox 417 2768 578 2822; x_wconf 90' lang='lat' dir='ltr'><strong>naturam</strong></span> <span class='ocrx_word' id='word_1_181' title='bbox 604 2753 821 2820; x_wconf 87' lang='lat' dir='ltr'><strong>intercedere</strong></span> <span class='ocrx_word' id='word_1_182' title='bbox 843 2755 985 2824; x_wconf 80' lang='lat' dir='ltr'><strong>videtur</strong></span> <span class='ocrx_word' id='word_1_183' title='bbox 1012 2758 1069 2825; x_wconf 78' lang='lat' dir='ltr'><strong>vel</strong></span> <span class='ocrx_word' id='word_1_184' title='bbox 1091 2767 1279 2840; x_wconf 88' lang='lat' dir='ltr'><strong>utrumque</strong></span> <span class='ocrx_word' id='word_1_185' title='bbox 1301 2731 1483 2844; x_wconf 85' lang='lat' dir='ltr'><strong>amplecti·</strong></span> 
     </span>
    </p>
   </div>
   <div class='ocr_carea' id='block_1_3' title="bbox 78 2861 1479 2966">
    <p class='ocr_par' dir='ltr' id='par_1_4' title="bbox 78 2861 1479 2966">
     <span class='ocr_line' id='line_1_20' title="bbox 78 2861 1479 2966; baseline -0.001 -18"><span class='ocrx_word' id='word_1_186' title='bbox 78 2895 158 2966; x_wconf 78' lang='lat' dir='ltr'><strong>tur3</strong></span> <span class='ocrx_word' id='word_1_187' title='bbox 187 2884 314 2949; x_wconf 89' lang='lat' dir='ltr'><strong>ultimo</strong></span> <span class='ocrx_word' id='word_1_188' title='bbox 344 2884 466 2949; x_wconf 87' lang='lat' dir='ltr'><strong>saltem</strong></span> <span class='ocrx_word' id='word_1_189' title='bbox 479 2861 594 2946; x_wconf 60' lang='lat' dir='ltr'><strong>⁸versu</strong></span> <span class='ocrx_word' id='word_1_190' title='bbox 614 2879 675 2944; x_wconf 85' lang='lat' dir='ltr'><strong>lex</strong></span> <span class='ocrx_word' id='word_1_191' title='bbox 696 2891 842 2945; x_wconf 84' lang='lat' dir='ltr'><strong>vocatur</strong></span> <span class='ocrx_word' id='word_1_192' title='bbox 862 2879 1071 2960; x_wconf 86' lang='lat' dir='ltr'><strong>communis,</strong></span> <span class='ocrx_word' id='word_1_193' title='bbox 1099 2879 1178 2946; x_wconf 87' lang='lat' dir='ltr'><strong>Diis</strong></span> <span class='ocrx_word' id='word_1_194' title='bbox 1207 2878 1479 2966; x_wconf 88' lang='lat' dir='ltr'><strong>hominibusque</strong></span> 
     </span>
    </p>
   </div>
   <div class='ocr_carea' id='block_1_4' title="bbox 80 3002 1551 4073">
    <p class='ocr_par' dir='ltr' id='par_1_5' title="bbox 80 3002 1551 3466">
     <span class='ocr_line' id='line_1_21' title="bbox 80 3002 1479 3095; baseline -0.003 -22"><span class='ocrx_word' id='word_1_195' title='bbox 80 3007 300 3095; x_wconf 86' lang='lat' dir='ltr'><strong>celebranda,</strong></span> <span class='ocrx_word' id='word_1_196' title='bbox 339 3010 375 3073; x_wconf 93' lang='lat' dir='ltr'><strong>id</strong></span> <span class='ocrx_word' id='word_1_197' title='bbox 405 3005 498 3093; x_wconf 89' lang='lat' dir='ltr'><strong>quod</strong></span> <span class='ocrx_word' id='word_1_198' title='bbox 528 3002 696 3070; x_wconf 80' lang='lat' dir='ltr'><strong>convenit</strong></span> <span class='ocrx_word' id='word_1_199' title='bbox 725 3003 800 3068; x_wconf 90' lang='lat' dir='ltr'><strong>eiua</strong></span> <span class='ocrx_word' id='word_1_200' title='bbox 826 3003 1041 3090; x_wconf 88' lang='lat' dir='ltr'><strong>definitioni,</strong></span> <span class='ocrx_word' id='word_1_201' title='bbox 1075 3025 1181 3090; x_wconf 87' lang='lat' dir='ltr'><strong>quam</strong></span> <span class='ocrx_word' id='word_1_202' title='bbox 1206 3003 1357 3090; x_wconf 82' lang='lat' dir='ltr'><strong>legimns</strong></span> <span class='ocrx_word' id='word_1_203' title='bbox 1387 3004 1479 3092; x_wconf 89' lang='lat' dir='ltr'><strong>apud</strong></span> 
     </span>
     <span class='ocr_line' id='line_1_22' title="bbox 85 3123 1481 3219; baseline -0.004 -22"><span class='ocrx_word' id='word_1_204' title='bbox 85 3133 181 3200; x_wconf 86' lang='lat' dir='ltr'><strong>Stob.</strong></span> <span class='ocrx_word' id='word_1_205' title='bbox 203 3133 278 3200; x_wconf 89' lang='lat' dir='ltr'><strong>Ecl.</strong></span> <span class='ocrx_word' id='word_1_206' title='bbox 301 3133 344 3199; x_wconf 87' lang='lat' dir='ltr'><strong>ll.</strong></span> <span class='ocrx_word' id='word_1_207' title='bbox 365 3155 394 3197; x_wconf 93' lang='lat' dir='ltr'><strong>c.</strong></span> <span class='ocrx_word' id='word_1_208' title='bbox 415 3144 449 3218; x_wconf 94' lang='lat'><strong>7,</strong></span> <span class='ocrx_word' id='word_1_209' title='bbox 471 3156 508 3219; x_wconf 86' lang='lat' dir='ltr'><strong>p.</strong></span> <span class='ocrx_word' id='word_1_210' title='bbox 526 3143 602 3207; x_wconf 84' lang='grc' dir='ltr'><strong>Ι190.</strong></span> <span class='ocrx_word' id='word_1_211' title='bbox 630 3124 687 3196; x_wconf 71' lang='grc' dir='ltr'><strong>τόν</strong></span> <span class='ocrx_word' id='word_1_212' title='bbox 714 3157 748 3197; x_wconf 81' lang='lat' dir='ltr'><strong>rs</strong></span> <span class='ocrx_word' id='word_1_213' title='bbox 770 3124 865 3215; x_wconf 73' lang='lat' dir='ltr'><strong>ripae</strong></span> <span class='ocrx_word' id='word_1_214' title='bbox 884 3129 1056 3198; x_wconf 67' lang='lat' dir='ltr'><strong>montane</strong></span> <span class='ocrx_word' id='word_1_215' title='bbox 1077 3129 1157 3198; x_wconf 67' lang='lat' dir='ltr'><strong>chol</strong></span> <span class='ocrx_word' id='word_1_216' title='bbox 1177 3153 1264 3213; x_wconf 77' lang='grc' dir='ltr'><strong><em>φασι,</em></strong></span> <span class='ocrx_word' id='word_1_217' title='bbox 1291 3123 1409 3213; x_wconf 72' lang='grc' dir='ltr'><strong><em>λόγον</em></strong></span> <span class='ocrx_word' id='word_1_218' title='bbox 1429 3127 1481 3213; x_wconf 76' lang='grc' dir='ltr'><strong>ὀρ-</strong></span> 
     </span>
     <span class='ocr_line' id='line_1_23' title="bbox 84 3226 1551 3344; baseline -0.003 -21"><span class='ocrx_word' id='word_1_219' title='bbox 84 3253 150 3324; x_wconf 64' lang='grc' dir='ltr'><strong>θὸν</strong></span> <span class='ocrx_word' id='word_1_220' title='bbox 179 3256 266 3337; x_wconf 71' lang='grc' dir='ltr'><strong><em>ὄντα,</em></strong></span> <span class='ocrx_word' id='word_1_221' title='bbox 294 3226 519 3344; x_wconf 74' lang='lat' dir='ltr'><strong>npecaaareabr</strong></span> <span class='ocrx_word' id='word_1_222' title='bbox 545 3255 602 3338; x_wconf 70' lang='grc' dir='ltr'><strong>μὲν</strong></span> <span class='ocrx_word' id='word_1_223' title='bbox 627 3258 689 3322; x_wconf 74' lang='grc' dir='ltr'><strong>τῶν</strong></span> <span class='ocrx_word' id='word_1_224' title='bbox 718 3259 881 3342; x_wconf 74' lang='grc' dir='ltr'><strong><em>ποιητέων,</em></strong></span> <span class='ocrx_word' id='word_1_225' title='bbox 908 3248 1150 3343; x_wconf 73' lang='lat' dir='ltr'><strong>dnoyopamaa&#39;oe</strong></span> <span class='ocrx_word' id='word_1_226' title='bbox 1178 3251 1212 3318; x_wconf 76' lang='lat' dir='ltr'><strong>di</strong></span> <span class='ocrx_word' id='word_1_227' title='bbox 1239 3255 1299 3318; x_wconf 75' lang='grc' dir='ltr'><strong>τῶν</strong></span> <span class='ocrx_word' id='word_1_228' title='bbox 1326 3250 1363 3318; x_wconf 78' lang='lat' dir='ltr'><strong>oti</strong></span> <span class='ocrx_word' id='word_1_229' title='bbox 1385 3276 1478 3336; x_wconf 71' lang='lat' dir='ltr'><strong>noen-</strong></span> <span class='ocrx_word' id='word_1_230' title='bbox 1546 3262 1551 3272; x_wconf 94' lang='lat'>&#39;</span> 
     </span>
     <span class='ocr_line' id='line_1_24' title="bbox 80 3376 930 3466; baseline 0 -22"><span class='ocrx_word' id='word_1_231' title='bbox 80 3383 159 3446; x_wconf 76' lang='grc' dir='ltr'><strong>τίων</strong></span> <span class='ocrx_word' id='word_1_232' title='bbox 180 3377 224 3444; x_wconf 87' lang='lat' dir='ltr'><strong>cf.</strong></span> <span class='ocrx_word' id='word_1_233' title='bbox 246 3400 281 3466; x_wconf 88' lang='lat' dir='ltr'><strong>p.</strong></span> <span class='ocrx_word' id='word_1_234' title='bbox 303 3384 367 3452; x_wconf 76' lang='lat'><strong>204</strong></span> <span class='ocrx_word' id='word_1_235' title='bbox 388 3389 422 3445; x_wconf 89' lang='lat' dir='ltr'><strong>et</strong></span> <span class='ocrx_word' id='word_1_236' title='bbox 442 3378 515 3444; x_wconf 81' lang='lat' dir='ltr'><strong>cic.</strong></span> <span class='ocrx_word' id='word_1_237' title='bbox 538 3376 580 3443; x_wconf 93' lang='lat' dir='ltr'><strong>de</strong></span> <span class='ocrx_word' id='word_1_238' title='bbox 601 3379 692 3465; x_wconf 84' lang='lat' dir='ltr'><strong>legg.</strong></span> <span class='ocrx_word' id='word_1_239' title='bbox 713 3379 739 3443; x_wconf 93' lang='lat' dir='ltr'><strong>I.</strong></span> <span class='ocrx_word' id='word_1_240' title='bbox 762 3399 790 3444; x_wconf 89' lang='lat' dir='ltr'><strong>c.</strong></span> <span class='ocrx_word' id='word_1_241' title='bbox 811 3389 842 3452; x_wconf 87' lang='lat'><strong>6.</strong></span> <span class='ocrx_word' id='word_1_242' title='bbox 865 3388 930 3445; x_wconf 87' lang='lat' dir='ltr'><strong>etc.</strong></span> 
     </span>
    </p>

    <p class='ocr_par' dir='ltr' id='par_1_6' title="bbox 80 3497 1506 3966">
     <span class='ocr_line' id='line_1_25' title="bbox 287 3497 1481 3588; baseline 0 -21"><span class='ocrx_word' id='word_1_243' title='bbox 287 3502 334 3567; x_wconf 90' lang='lat' dir='ltr'><strong>V.</strong></span> <span class='ocrx_word' id='word_1_244' title='bbox 356 3514 388 3575; x_wconf 89' lang='lat'><strong>3.</strong></span> <span class='ocrx_word' id='word_1_245' title='bbox 430 3502 507 3569; x_wconf 86' lang='lat' dir='ltr'><strong>Deo</strong></span> <span class='ocrx_word' id='word_1_246' title='bbox 530 3503 694 3568; x_wconf 78' lang='lat' dir='ltr'><strong>invocato</strong></span> <span class='ocrx_word' id='word_1_247' title='bbox 727 3502 869 3587; x_wconf 85' lang='lat' dir='ltr'><strong>eiusque</strong></span> <span class='ocrx_word' id='word_1_248' title='bbox 895 3501 1056 3588; x_wconf 90' lang='lat' dir='ltr'><strong>potentia</strong></span> <span class='ocrx_word' id='word_1_249' title='bbox 1087 3512 1121 3565; x_wconf 91' lang='lat' dir='ltr'><strong>et</strong></span> <span class='ocrx_word' id='word_1_250' title='bbox 1142 3497 1327 3567; x_wconf 86' lang='lat' dir='ltr'><strong>efficientia</strong></span> <span class='ocrx_word' id='word_1_251' title='bbox 1349 3523 1481 3567; x_wconf 89' lang='lat' dir='ltr'><strong>memo·</strong></span> 
     </span>
     <span class='ocr_line' id='line_1_26' title="bbox 85 3625 1506 3714; baseline 0.001 -23"><span class='ocrx_word' id='word_1_252' title='bbox 85 3638 176 3712; x_wconf 85' lang='lat' dir='ltr'><strong>rata,</strong></span> <span class='ocrx_word' id='word_1_253' title='bbox 200 3627 324 3711; x_wconf 85' lang='lat' dir='ltr'><strong>quibus</strong></span> <span class='ocrx_word' id='word_1_254' title='bbox 346 3627 475 3693; x_wconf 85' lang='lat' dir='ltr'><strong>caussis</strong></span> <span class='ocrx_word' id='word_1_255' title='bbox 497 3637 693 3692; x_wconf 87' lang='lat' dir='ltr'><strong>commotus</strong></span> <span class='ocrx_word' id='word_1_256' title='bbox 715 3648 795 3690; x_wconf 90' lang='lat' dir='ltr'><strong>eum</strong></span> <span class='ocrx_word' id='word_1_257' title='bbox 817 3626 993 3693; x_wconf 85' lang='lat' dir='ltr'><strong>celebrare</strong></span> <span class='ocrx_word' id='word_1_258' title='bbox 1014 3625 1080 3691; x_wconf 90' lang='lat' dir='ltr'><strong>sibi</strong></span> <span class='ocrx_word' id='word_1_259' title='bbox 1102 3627 1342 3714; x_wconf 83' lang='lat' dir='ltr'><strong>proposuerit,</strong></span> <span class='ocrx_word' id='word_1_260' title='bbox 1371 3646 1506 3714; x_wconf 85' lang='lat' dir='ltr'><strong>expo·.</strong></span> 
     </span>
     <span class='ocr_line' id='line_1_27' title="bbox 81 3749 1479 3841; baseline -0.003 -25"><span class='ocrx_word' id='word_1_261' title='bbox 81 3750 138 3816; x_wconf 91' lang='lat' dir='ltr'><strong>nit</strong></span> <span class='ocrx_word' id='word_1_262' title='bbox 159 3751 280 3838; x_wconf 78' lang='lat' dir='ltr'><strong>poe&#39;te,</strong></span> <span class='ocrx_word' id='word_1_263' title='bbox 292 3749 482 3819; x_wconf 84' lang='lat' dir='ltr'><strong>formulam</strong></span> <span class='ocrx_word' id='word_1_264' title='bbox 499 3751 673 3818; x_wconf 87' lang='lat' dir='ltr'><strong>salutandi</strong></span> <span class='ocrx_word' id='word_1_265' title='bbox 695 3751 925 3840; x_wconf 85' lang='lat' dir='ltr'><strong>praemittens</strong></span> <span class='ocrx_word' id='word_1_266' title='bbox 934 3750 1155 3841; x_wconf 62' lang='lat' dir='ltr'><strong>(pavpe)inter</strong></span> <span class='ocrx_word' id='word_1_267' title='bbox 1168 3750 1328 3816; x_wconf 84' lang='lat' dir='ltr'><strong>homines</strong></span> <span class='ocrx_word' id='word_1_268' title='bbox 1345 3749 1479 3830; x_wconf 87' lang='lat' dir='ltr'><strong>tritam,</strong></span> 
     </span>
     <span class='ocr_line' id='line_1_28' title="bbox 80 3873 1479 3966; baseline -0.006 -22"><span class='ocrx_word' id='word_1_269' title='bbox 80 3897 194 3966; x_wconf 86' lang='lat' dir='ltr'><strong>nequa</strong></span> <span class='ocrx_word' id='word_1_270' title='bbox 224 3877 440 3965; x_wconf 82' lang='lat' dir='ltr'><strong>hymnorum</strong></span> <span class='ocrx_word' id='word_1_271' title='bbox 476 3877 681 3946; x_wconf 82' lang='lat' dir='ltr'><strong>auctoribus</strong></span> <span class='ocrx_word' id='word_1_272' title='bbox 715 3878 870 3964; x_wconf 83' lang='lat' dir='ltr'><strong>ignotam</strong></span> <span class='ocrx_word' id='word_1_273' title='bbox 899 3877 944 3948; x_wconf 88' lang='lat' dir='ltr'><strong>cf.</strong></span> <span class='ocrx_word' id='word_1_274' title='bbox 972 3878 1105 3966; x_wconf 85' lang='lat' dir='ltr'><strong>Hymn.</strong></span> <span class='ocrx_word' id='word_1_275' title='bbox 1140 3874 1179 3941; x_wconf 93' lang='lat' dir='ltr'><strong>in</strong></span> <span class='ocrx_word' id='word_1_276' title='bbox 1206 3876 1344 3965; x_wconf 83' lang='lat' dir='ltr'><strong>Apoll..</strong></span> <span class='ocrx_word' id='word_1_277' title='bbox 1361 3881 1410 3946; x_wconf 78' lang='lat'><strong>14.</strong></span> <span class='ocrx_word' id='word_1_278' title='bbox 1441 3873 1479 3936; x_wconf 89' lang='lat' dir='ltr'><strong>in</strong></span> 
     </span>
    </p>

    <p class='ocr_par' dir='ltr' id='par_1_7' title="bbox 1246 4010 1269 4073">
     <span class='ocr_line' id='line_1_29' title="bbox 1246 4010 1269 4073; baseline 0 0"><span class='ocrx_word' id='word_1_279' title='bbox 1246 4010 1269 4073; x_wconf 87' lang='grc'>3</span> 
     </span>
    </p>
   </div>
   <div class='ocr_carea' id='block_1_5' title="bbox 0 0 2194 5812">
    <p class='ocr_par' dir='ltr' id='par_1_8' title="bbox 0 0 2194 5812">
     <span class='ocr_line' id='line_1_30' title="bbox 0 0 2194 5812; baseline 0 0"><span class='ocrx_word' id='word_1_280' title='bbox 0 0 2194 5812; x_wconf 95' lang='lat' dir='ltr'><strong> </strong></span> 
     </span>
    </p>
   </div>
  </div>
 </body>
</html>
