4380 5812
1072 395 1131 473 Vl

392 598 563 678 maximo
591 597 681 694 jure
720 585 968 673 desideratur
996 563 1262 699 Gcograplricc
1294 597 1492 690 studium,
1533 603 1818 684 mathematicae

393 750 574 827 nimirum
601 756 641 823 et
658 747 855 848 physicae,
890 772 1007 846 quam
1033 747 1189 827 nescire
1214 746 1695 849 indignum.est-homine
1718 756 1814 833 libe·

394 899 528 977 taliter
554 899 740 976 educato.
792 896 891 982 ouis
919 898 1022 975 enim
1050 909 1137 990 est,
1169 899 1252 978 sire
1285 900 1510 1000 theologiae
1536 903 1692 993 studio,
1730 906 1813 985 eive

395 1049 616 1127 medicinae
650 1049 913 1137 factitandae,
946 1048 1030 1125 sive
1056 1062 1265 1127 causarum
1291 1052 1532 1150 patrocinio,
1566 1053 1649 1131 sive
1670 1054 1812 1150 juven·

156 1227 162 1238 ·
255 1268 263 1283 ,
393 1200 467 1287 tuti
493 1199 763 1277 instituendae
788 1200 840 1297 sit
865 1198 1108 1289 destinatae,
1148 1225 1268 1300 quem
1297 1224 1384 1277 uon.
1395 1205 1548 1301 pudeat
1571 1205 1811 1304 peregrinari

393 1349 507 1450 quasi
532 1348 574 1423 in
600 1348 696 1447 ipsis
724 1348 890 1426 aedibus
916 1351 1021 1426 suist
1072 1347 1168 1449 Ipsa
1201 1351 1331 1451 pietas
1365 1351 1554 1430 adversus
1581 1355 1714 1433 Deum
1738 1354 1812 1432 imi

362 1506 367 1514 ’
394 1501 506 1600 pellit
532 1499 717 1598 cogitque
753 1500 807 1576 ad
833 1502 1154 1598 cognoscendam
1191 1502 1330 1599 mrrndi
1363 1514 1568 1604 terraeque
1607 1464 1810 1596 fabricam,

298 1668 302 1675 ‘
394 1677 513 1752 quam
542 1650 746 1748 negligere
772 1647 913 1746 ingrati
939 1660 1003 1726 est
1028 1649 1148 1727 animi
1172 1650 1216 1726 in
1240 1651 1325 1746 ejus
1352 1664 1567 1743 auctorem,

600 1798 813 1878 Discamus
832 1808 1000 1899 oportet,
1028 1801 1158 1893 amici,
1184 1824 1260 1876 nec
1279 1809 1478 1877 cessemus
1503 1802 1544 1877 in
1568 1804 1699 1881 studio
1719 1807 1813 1883 artis

396 1961 437 2028 et
460 1960 636 2039 naturae,
664 1951 775 2050 quod
800 1949 885 2029 sine
911 1973 1066 2027 summa
1089 1949 1289 2031 industria
1303 1919 1438 2051 perfici
1456 1952 1606 2050 nequit!
1659 1953 1814 2053 Magna

394 2110 549 2179 suntet
574 2101 615 2177 in
643 2100 729 2177 dies
755 2100 925 2196 majora,
973 2127 1076 2200 quae
1105 2127 1130 2177 a
1155 2101 1356 2180 literarum
1371 2100 1570 2178 'studiosis
1605 2116 1813 2200 exspectat

394 2261 532 2329 nostra
556 2260 688 2326 actas:
715 2250 912 2355 usigitur
937 2252 1168 2330 imstremur
1194 2274 1307 2349 spem
1332 2251 1526 2327 danobis
1555 2257 1811 2351 conceptam!

403 2402 473 2480 Me
500 2429 592 2483 vero
620 2425 701 2480 non
727 2401 900 2479 deterret
936 2428 960 2478 a
986 2400 1195 2477 docendae
1219 2398 1327 2477 illius
1351 2401 1629 2501 Geographiae
1651 2403 1813 2502 negotio

365 2574 368 2579 ·
401 2554 615 2632 difficultas
642 2552 697 2630 rei
724 2561 793 2631 aut
818 2551 1050 2650 magnitudo
1076 2544 1237 2641 laboris,
1272 2550 1419 2650 quippe
1444 2552 1579 2650 qni-in
1604 2553 1690 2653 ipso
1716 2553 1814 2631 olim

397 2704 421 2781 J
425 2729 579 2781 oanueo
620 2704 707 2798 ejus
744 2699 999 2779 institutionis
1026 2699 1245 2799 periculum
1272 2700 1378 2776 haud
1404 2716 1490 2779 raro
1517 2701 1694 2789 fecerim-3
1735 2727 1815 2779 nec

349 2840 353 2848 ¹
395 2853 537 2933 aetatis
563 2847 702 2970 inertia
727 2878 752 2928 a
776 2877 817 2929 re
842 2852 1017 2950 gerenda
1042 2874 1201 2930 avocer.¹
1328 2908 1331 2913 -
1382 2894 1386 2904 ·

593 3003 725 3101 Hujus
745 3000 908 3081 inertiae
934 3027 985 3077 ne
1002 3028 1106 3080 nuuc
1124 3002 1287 3101 quidem
1313 3003 1491 3079 accusari
1510 3002 1626 3078 velim
1644 3028 1669 3078 a
1684 3004 1813 3093 vobis,

392 3152 522 3242 Cives,
540 3128 662 3253 quum
678 3153 719 3229 in
734 3152 985 3232 'confectione
1002 3152 1119 3257 hujus
1137 3152 1263 3230 libelli
1282 3153 1412 3233 alieno
1428 3177 1523 3228 usus
1542 3151 1617 3229 sim
1635 3153 1807 3231 calamo.

393 3303 533 3380 Nostis
558 3303 674 3384 euim,
691 3303 1014 3404 :quotiescunque
1038 3329 1110 3401 per
1132 3303 1366 3380 occasiones
1378 3304 1641 3382 'scholasticas
1661 3304 1814 3402 aliquid

393 3453 646 3532 scribendum
662 3454 790 3543 fuerit,
810 3479 918 3531 meas
936 3453 1197 3553 mecopiolos
1219 3455 1456 3553 apposuisse
1469 3454 1696 3540 lectoribus,
1722 3464 1808 3529 tan·
1836 3458 1840 3464 ’

392 3630 511 3703 quam
524 3596 712 3682 inmensa
726 3605 842 3681 variis
858 3606 1029 3704 dapibus
1049 3615 1216 3681 onusta·
1236 3603 1408 3682 Mixtum
1426 3583 1582 3704 semper
1596 3615 1682 3679 erat
1693 3628 1807 3700 argu·

392 3754 512 3830 menti
531 3780 668 3852 genus,
697 3767 780 3832 tum
798 3782 848 3832 ex
871 3765 954 3831 arte
976 3754 1352 3844 mathematicorum,
1379 3756 1526 3856 inqua
1546 3754 1647 3833 nihil
1671 3756 1807 3829 fictum

390 3915 451 3981 est
484 3917 524 3982 et
559 3904 887 3998 commentitium,
925 3916 1009 3983 tum
1044 3931 1094 3982 ex
1126 3905 1429 4005 philologorum,
1451 3929 1565 4004 quos
1592 3902 1803 4002 magnifice
