4372 5782
638 402 896 477 ‘'¹⁸⁴⁵‘-

60 592 236 681 epistolas
269 602 303 656 et
339 589 470 655 Jesaiae
505 584 676 652 vaticinia
713 586 996 675 interpretabor,
1038 565 1203 678 elcayopip
1244 589 1395 678 denique
1431 591 1470 657 in

73 714 214 801 antiqui
235 712 384 779 foederis
406 711 515 777 libros
536 710 683 780 tradam.
723 713 847 800 Neque
875 711 920 777 iis
942 711 1063 793 deero,
1100 714 1162 801 qui
1193 715 1267 782 aive
1295 715 1469 783 Arabicae

76 840 148 904 sive
169 838 354 904 Aramaeis
377 836 534 903 dialectis
557 858 701 923 operam
721 857 850 903 narare
869 836 991 906 velint.

281 963 445 1029 Ceterum
460 974 500 1027 ut
511 961 720 1029 instauratio
736 961 924 1051 Gymnasii
942 963 1068 1049 nostri,
1090 985 1194 1051 quam
1207 961 1347 1048 quidem
1358 963 1470 1051 pietas

74 1109 155 1174 erga
177 1072 337 1174 majores,
359 1109 459 1153 amor
479 1088 611 1175 patriae
633 1096 680 1172 et,
702 1066 772 1151 nisi
794 1086 940 1153 omnino
961 1090 1177 1155 exstinctum
1200 1099 1270 1175 est,
1297 1087 1471 1154 bonarum

75 1214 205 1278 artium
226 1211 480 1300 literarumque
501 1211 660 1279 studium
679 1211 820 1298 suadet,
852 1211 1029 1279 laboribus
1049 1211 1182 1278 nostris
1203 1213 1469 1279 intercalaribus

75 1360 161 1403 mox
186 1334 292 1403 finem
315 1337 448 1404 laetum
469 1337 644 1426 imponat,
667 1347 702 1403 et
724 1348 897 1425 optemus,
919 1348 954 1402 et
973 1336 1052 1405 fore
1072 1359 1262 1427 speramus.

568 1625 986 1652 ’nn—*nau-

78 1931 128 2047 P
130 1976 183 2039 ari
206 1973 316 2038 animi
339 1971 541 2057 alacritate,
569 1993 674 2059 qnam
694 1973 737 2044 V.
759 1974 798 2042 C.
824 1974 1037 2068 Christianus
1059 1975 1234 2054 Peterem,
1258 1972 1389 2042 Philas.
1408 1983 1474 2049 Dr.

79 2103 118 2167 in
134 2095 331 2164 erudiendis
345 2094 532 2184 Gymnasii
551 2097 694 2163 Civibus
717 2098 829 2165 adhuc
838 2100 1039 2184 declaravit,
1060 2098 1222 2187 persequi
1243 2122 1315 2164 non
1338 2113 1476 2168 recusat
1510 2075 1513 2080 ⁴
1553 2120 1555 2125 ’

80 2225 248 2308 arduum,
279 2221 373 2310 quod
401 2223 576 2304 instituit,
607 2243 706 2309 opus.
755 2224 811 2290 En
840 2225 1039 2291 scholarum
1060 2223 1234 2310 tabulam,
1273 2247 1357 2311 quas
1378 2225 1474 2294 habi·

79 2363 178 2416 turus
199 2358 271 2413 est:

183 2502 192 2518 ν
288 2472 445 2536 Semeatri
471 2468 595 2534 aestivo
616 2462 723 2552 hujus
744 2466 828 2530 anni
849 2467 888 2532 in
909 2467 1028 2536 animo
1050 2481 1114 2552 est,

291 2597 326 2680 1)
347 2594 554 2660 continuare
568 2591 837 2657 exercitationes
852 2593 961 2661 latine
979 2606 1014 2660 et
1026 2595 1219 2661 disserendi
1240 2606 1276 2661 et
1286 2597 1474 2682 scribendi,

81 2724 113 2787 h.
136 2719 326 2790 VIII-IX
347 2719 484 2784 dierum
507 2720 616 2785 Mero.
639 2726 674 2781 et
693 2716 831 2783 Saturn.

292 2848 328 2924 9)
345 2842 573 2930 interpretari
601 2851 636 2906 et
664 2864 826 2908 enarrare
853 2841 972 2909 Plauti
999 2843 1230 2930 Trinumum,
1266 2845 1302 2912 h.
1330 2844 1473 2914 lit-x

84 2968 114 3032 d.
139 2968 250 3032 Mene.
273 2979 308 3032 ct
328 2968 469 3032 Saturn.
722 3045 730 3067 Ρ

291 3095 328 3174 3)
349 3088 473 3155 docere
500 3089 687 3156 historiam
715 3088 962 3179 philosophiae
990 3091 1153 3177 antiquae
1174 3090 1210 3159 h.
1230 3092 1369 3160 1x-x
1390 3093 1476 3160 dier.

84 3214 180 3282 Jovis
202 3224 236 3279 st
257 3214 415 3282 Veneris.

291 3344 331 3417 4)
353 3338 521 3402 disserere
532 3335 574 3402 de
586 3336 855 3425 disciplinarum
878 3341 1014 3427 origine
1036 3349 1071 3405 et
1083 3361 1194 3425 nexu,
1216 3340 1476 3431 siveEncyclo·

85 3462 244 3551 paediam
266 3454 416 3548 tradere,
438 3483 542 3549 quam
563 3473 702 3550 vocent,
725 3464 971 3552 universalem,
993 3467 1029 3536 h.
1048 3465 1223 3533 XI-XII
1244 3465 1277 3534 d.
1297 3465 1419 3533 Lunae
1441 3481 1476 3535 et

81 3586 219 3655 Martis.

291 3711 448 3776 Semestri
468 3710 613 3798 hiberno,
634 3712 665 3779 si
685 3735 882 3799 perrarum
902 3713 1135 3783 humanarum
1153 3713 1383 3805 fragilitatem
1405 3719 1477 3805 jam

82 3860 178 3906 nunc
199 3838 407 3926 promittere
427 3838 523 3926 licet,
