4372 5782
1045 436 1127 515 vn

385 654 550 733 ¹nocant,
578 641 734 730 studiis,
761 637 946 738 aquibus
962 663 1165 739 nunquam
1182 605 1343 738 prorsus
1361 634 1557 714 abhorrui.
1610 636 1676 713 Sic
1696 639 1800 715 eninr

391 794 479 870 iore
505 794 704 891 putabam,
730 800 776 865 ut
799 815 928 889 neque
946 789 1164 866 subtilitate
1181 799 1223 865 et
1237 786 1429 865 tenuitate
1448 810 1577 865 rerum
1594 787 1802 888 quisquam

396 968 422 1018 a
446 943 616 1040 legendo
639 943 911 1030 deterreretur,
936 965 1065 1042 neque
1091 939 1244 1039 erudita
1268 937 1512 1039 loquacitate
1539 947 1579 1013 et
1603 938 1707 1017 belle
1731 967 1801 1018 nu·

394 1093 527 1190 gando
548 1091 716 1168 lectores
726 1092 965 1170 luderentur.
1020 1090 1112 1167 Hoc
1137 1090 1294 1191 quidem
1317 1099 1495 1189 tempore
1520 1088 1735 1167 habueram
1760 1092 1801 1169 in

386 1215 541 1330 radimo,
558 1240 668 1317 brevi
685 1240 962 1319 dissertatione
974 1266 1180 1318 recensere
1198 1249 1239 1316 et
1250 1249 1491 1341 pertractare
1505 1238 1617 1314 locos
1629 1241 1802 1319 maxime

394 1389 672 1467 memorabiles
696 1397 742 1475 da
764 1391 872 1467 rebus
892 1392 1117 1477 coelestibus,
1144 1415 1194 1467 ex
1221 1390 1412 1466 Fastiset
1437 1382 1825 1489 Metammphosihua'

399 1537 530 1616 Ovidii
559 1540 759 1641 petitos*).
810 1539 961 1616 Referri
992 1550 1085 1618 sunt
1107 1540 1282 1616 enimet
1307 1546 1462 1614 scatent
1494 1537 1672 1617 ridiculis
1699 1565 1802 1618 erro·

397 1687 526 1778 ribus,
559 1712 686 1790 eoque
711 1676 966 1788 gravioribus,
1000 1716 1080 1791 quo
1107 1689 1276 1766 divinius
1301 1688 1376 1766 iste
1400 1698 1512 1765 rates
1537 1692 1802 1769 astronomiae

397 1811 540 1915 laudes
555 1841 746 1917 extollere
756 1842 872 1916 solet.
904 1841 1232 1938 Adeopromptum
1243 1848 1346 1913 estet
1357 1840 1579 1936 expeditum,
1597 1839 1639 1917 in
1652 1846 1801 1920 mathe-

400 1988 555 2065 maticis
568 1988 799 2088 praesertim
817 1989 948 2077 rebus,
959 2032 963 2041 ·
974 2000 1019 2063 ot
1033 1991 1256 2088 vituperare,
1280 1989 1336 2066 ita
1351 1986 1516 2077 madore,
1532 2013 1626 2086 quae
1639 1995 1804 2070 medos!

597 2137 779 2213 Scribere
794 2138 861 2215 rix
878 2137 1054 2236 ingresso
1071 2147 1363 2237 peropportune
1382 2135 1527 2234 obtigit
1539 2135 1806 2219 Commentario

397 2286 440 2357 in
468 2281 677 2385 Hyrnoam·
692 2287 902 2377 Cleanthis,
945 2286 1093 2386 scripta
1128 2313 1152 2361 a
1185 2286 1235 2362 V.
1268 2285 1329 2363 cl.
1367 2283 1584 2362 Christiano
1609 2286 1804 2384 Peterson,

399 2434 669 2535 Philosophiae
698 2438 889 2527 Doctore,
927 2437 995 2535 qni
1023 2459 1170 2514 annum
1200 2434 1284 2528 jam
1310 2433 1532 2531 Gymnasio
1557 2435 1806 2517 Academico

401 2584 650 2660 utilissimam
677 2610 837 2685 operam
862 2586 1070 2686 praestitit,
1095 2609 1173 2660 non
1190 2590 1340 2658 tantum
1368 2585 1614 2683 exponendis
1639 2588 1807 2688 scripto·

395 2732 511 2808 ribns
528 2734 707 2811 classicis
734 2746 774 2811 et
799 2735 893 2811 artis
909 2734 1098 2811 metricae
1114 2731 1329 2833 principiis,
1355 2734 1429 2810 sed
1450 2733 1662 2813 Justiniani
1688 2736 1806 2816 etiam

404 2881 721 2960 Institutionibns
739 2885 992 3009 grammatice
1008 2894 1058 2960 -et
1082 2883 1267 2962 historice
1291 2880 1608 2984 interpretandis,
1633 2886 1807 2990 itemque

404 3031 552 3109 crebris
579 3000 927 3111 exercitationibus
953 3034 1074 3111 latine
1100 3032 1350 3135 disputandi,
1387 3048 1618 3134 argumenta
1641 3039 1758 3117 variis
1784 3067 1808 3118 e

402 3182 624 3282 disciplinis
649 3184 774 3283 petita
799 3184 1037 3284 disponendi
1064 3194 1180 3284 atque
1206 3183 1448 3264 elaborandi.

436 3427 472 3494 ⁸)
492 3424 675 3482 Notissimnm
694 3434 747 3492 est,
766 3433 862 3482 nostra
879 3442 991 3497 quoque
1008 3426 1144 3483 memoria
1166 3426 1256 3483 luisse
1279 3425 1507 3497 mathematicos,
1531 3426 1580 3499 qui
1605 3426 1807 3485 asnonomicoe

491 3520 617 3673 veteru:
628 3515 810 3657 classitporum
827 3516 916 3660 ¹3⁰⁰ss
932 3516 1068 3617 utilrati,
1089 3514 1508 3660 Vsryrhssiifflffimrmqpo
1525 3516 1701 3659 orplipprepp
1710 3516 1809 3659 m

496 3616 579 3667 geren
611 3619 656 3658 oe.
749 3620 832 3660 recen
855 3622 896 3661 on
917 3622 952 3660 us
974 3618 1151 3660 nominamus
1434 3621 1465 3659 ro
1477 3619 1585 3660 essorm
1639 3643 1646 3659 .
1695 3623 1709 3657 e

493 3694 522 3741 et
541 3688 607 3742 Car.
626 3691 675 3745 Br.
693 3690 859 3754 Mottoeide3
876 3693 944 3747 item
962 3692 1048 3749 Viros
1066 3691 1244 3747 clarissimos
1261 3694 1290 3750 J.
1309 3693 1393 3750 Conr.
1409 3692 1572 3758 Semelam,
1591 3693 1726 3763 cujusda
1743 3699 1809 3748 stn-

493 3773 547 3830 dns
566 3774 634 3830 mibi
651 3775 786 3835 deoenrdo
804 3781 924 3850 amplius
941 3781 1010 3836 nibil
1026 3780 1182 3836 innotuisse
1200 3781 1292 3848 doleo,
1310 3797 1431 3853 eumque
1447 3782 1497 3855 qui
1514 3782 1584 3839 mibi
1599 3799 1676 3839 nunc
1688 3798 1807 3852 soporo·

493 3862 582 3918 minet
598 3879 705 3931 omnes,
723 3849 876 3935 elmar,
893 3867 943 3940 qus
958 3869 1113 3937 (numu.
1131 3868 1182 3923 aer
1200 3869 1314 3939 sangi.
1334 3870 1423 3927 seua
1443 3871 1472 3926 a.
1491 3871 1581 3930 wro.
1610 3870 1707 3928 neure
1726 3872 1810 3945 reas)

491 3951 662 4020 andnima,
680 3958 713 4009 dt
730 3955 811 4024 solet,
830 3956 926 4013 Ovidii
942 3957 1138 4014 Astronomioa
1155 3958 1337 4015 commentari
1354 3958 1457 4030 ooeplt.
