4380 5812
448 1650 484 1732 1.
537 1645 889 1733 LECTIONES
912 1640 1386 1731 PROFESSORUM
1408 1640 1737 1727 GYMNASll.

400 1968 502 2051 Car.
525 1968 696 2053 Frider.
719 1965 855 2077 Hipp,
885 1965 978 2047 ΑΑ.
1001 1962 1093 2045 LL.
1117 1963 1319 2073 Magister
1337 1980 1375 2045 et
1394 1961 1569 2063 Matheo.
1592 1959 1711 2068 Prof.
1736 1962 1789 2043 P.

401 2128 588 2252 Utroque
604 2165 762 2231 semestri
772 2164 934 2230 instantis
949 2163 1031 2228 snni
1037 2164 1169 2249 publice
1189 2164 1325 2228 tradam
1348 2162 1517 2229 diathesis
1533 2184 1668 2248 puram,
1691 2161 1791 2247 eujus

396 2291 496 2357 filum
526 2290 608 2355 inde
635 2288 881 2355 resumendum
909 2298 1019 2374 puto,
1047 2288 1109 2351 ubi
1137 2289 1175 2351 in
1204 2287 1327 2376 priore
1353 2288 1472 2352 schole
1503 2286 1604 2352 Cives
1634 2284 1792 2350 discendi

399 2415 503 2481 finem
524 2415 693 2481 fecerunt.
736 2412 825 2498 Quis
856 2412 952 2477 enim
980 2411 1121 2476 futurus
1152 2423 1241 2475 esset
1265 2410 1363 2475 illius
1385 2410 1621 2475 institutionis
1642 2408 1791 2493 fruetus,

397 2542 427 2603 si
457 2563 494 2604 re
525 2540 608 2605 bene
636 2549 759 2624 coepte
787 2534 902 2601 subito
931 2527 1162 2601 desisterent?
1214 2535 1387 2601 Currente
1419 2547 1497 2601 rote
1534 2533 1630 2601 funis
1665 2556 1708 2598 ne
1738 2546 1793 2599 est

398 2660 512 2729 retro!
555 2662 748 2727 Addiscent
773 2659 883 2746 igitur
904 2683 948 2726 ex
970 2663 1192 2726 Aritdmetica
1208 2659 1473 2747 Progressiones
1496 2671 1531 2725 et
1545 2658 1792 2746 Logarithmo·

397 2808 477 2850 rum
504 2805 628 2866 usum3
672 2805 717 2847 ex
745 2784 891 2873 Alqsbra
919 2787 1170 2873 requietionum
1197 2784 1412 2870 solutiones,
1441 2784 1548 2850 etism
1570 2783 1790 2868 cubicorum

398 2919 559 2997 repetent
579 2929 624 2972 ex
648 2907 837 2973 Geomstria
853 2910 1088 2976 dimensiones
1101 2911 1291 2998 plenorum
1313 2921 1349 2975 et
1364 2908 1561 2975 solidorum
1568 2938 1581 2990 ;
1602 2909 1793 2996 adjungent

398 3044 584 3117 utramque
601 3033 903 3122 Triqonomstriam,
927 3044 961 3099 et
975 3034 1099 3100 sistent
1120 3034 1269 3123 denique
1280 3032 1424 3123 gradum
1447 3032 1485 3097 in
1506 3033 1699 3099 sectionibus
1720 3037 1793 3101 corsi

396 3160 610 3244 Apollonieis.
651 3159 729 3224 Hos
760 3159 855 3224 ultra
881 3160 967 3225 fines
997 3159 1179 3249 progredi,
1199 3160 1267 3225 hoc
1290 3168 1382 3224 certe
1402 3169 1581 3248 tempore,
1603 3158 1641 3222 in
1663 3158 1791 3224 scholis

397 3284 587 3370 Gymssssii
610 3306 681 3348 non
704 3284 799 3352 licet.

603 3406 641 3470 Si
669 3407 729 3494 qui
757 3420 879 3494 erunt,
909 3408 971 3496 qui
998 3405 1233 3472 fundamentis
1263 3407 1519 3473 elomentorum
1547 3407 1634 3472 bene
1663 3406 1789 3496 positis

395 3531 546 3596 ulterius
566 3530 733 3618 progredi
762 3533 875 3598 velint
902 3533 945 3598 ed
973 3532 1131 3600 calculum
1158 3533 1407 3618 differentialem
1434 3541 1470 3596 et
1499 3531 1707 3621 inteqralem,
1739 3529 1789 3598 eis

390 3660 534 3744 privata
555 3679 657 3743 opera
677 3680 722 3723 ne
743 3656 866 3744 desim,
889 3659 1028 3728 curabo.

602 3781 703 3847 Hora
727 3782 782 3847 his
809 3782 938 3848 scholis
967 3782 1136 3849 destinate
1167 3784 1236 3851 erit
1256 3781 1342 3852 VIII
1350 3782 1446 3849 -IX
1466 3784 1591 3849 dierum
1612 3785 1727 3852 Linos
1755 3794 1789 3850 et

392 3907 533 3970 Martis.

1566 4044 1588 4107 6
