4380 5812
660 404 952 541 ...w-⁴

89 646 185 715 vocis
205 646 345 727 exstitit
367 644 448 713 ine.
469 644 568 711 roais
589 643 705 732 imago
722 637 758 712 et
775 645 1001 711 simulacrum
1015 657 1065 711 est
1081 646 1192 714 Eeho.
1235 647 1350 713 thus
1365 661 1481 716 autem

27 800 31 804 -
91 772 193 837 notio
223 770 381 836 eontinet
410 770 484 860 ipsa
510 771 756 838 similitudinis
784 763 991 854 notionem,
1023 794 1107 858 ergo
1137 790 1274 837 seusus:
1314 773 1482 852 Quamvis

87 919 164 962 non
186 915 284 985 pares
312 895 386 961 siva
416 896 574 982 aequales
597 896 666 962 ¹tibi
695 900 825 985 simus,
855 896 914 964 sed
940 907 1079 962 tantum
1102 889 1234 962 similes
1263 908 1368 984 atque
1395 899 1480 964 adeo

91 1033 124 1087 te
141 1021 363 1090 inferiores.“
406 1021 513 1088 Hunc
526 1042 665 1087 sensum
689 1043 707 1086 a
725 1037 901 1110 quoquam
924 1022 995 1087 alio
1018 1045 1062 1088 ex
1082 1023 1151 1089 hoo
1170 1024 1251 1089 loco
1273 1024 1354 1088 elici
1369 1036 1482 1111 possa,

87 1145 187 1212 valde
207 1144 351 1231 dubito,
380 1147 411 1212 si
445 1149 521 1233 quis
543 1147 715 1215 Brunokii
745 1148 985 1235 conjecturam
1015 1148 1168 1212 retinere
1196 1150 1291 1226 vult,
1318 1157 1412 1213 certa
1439 1138 1483 1210 K.

80 1272 271 1339 meliorem
292 1271 630 1356 monstravitviam,
649 1272 691 1336 in
713 1273 811 1339 vocis
833 1273 1033 1357 imitatione
1055 1272 1191 1363 signum
1210 1286 1399 1358 quaerens,
1415 1278 1482 1353 q‘uo

90 1409 210 1464 nostra
236 1417 317 1466 oum
344 1392 424 1461 Deo
452 1395 622 1480 cognatio·
651 1385 831 1483 appa'reats
865 1384 991 1481 ³Quod
1026 1395 1172 1480 siguum·
1197 1419 1215 1461 a
1241 1392 1387 1460 Graecis
1409 1410 1482 1480 pro

87 1529 294 1605 argumento
335 1518 443 1587 huius
486 1517 538 1581 rei
580 1517 741 1586 habitum
784 1532 869 1607 ease,
892 1520 942 1597 ,si
985 1534 1027 1582 eo
1070 1521 1221 1606 probare
1242 1542 1245 1548 ·
1264 1520 1351 1597 ruit,
1388 1519 1481 1604 qaod

83 1642 165 1709 Diis
200 1643 294 1730 apud
328 1643 531 1709 Homerum
569 1641 635 1723 (ll.
658 1672 691 1726 a,
716 1652 793 1721 103.
828 1673 857 1726 o,
892 1656 969 1727 191,
997 1634 1050 1723 (i)
1088 1673 1120 1726 o,
1140 1653 1191 1719 74.
1231 1645 1298 1713 oa.
1328 1672 1358 1724 s,
1384 1649 1483 1722 306.)

85 1768 207 1854 lingua
227 1765 412 1852 tribuitur,
433 1787 535 1830 causa
556 1788 618 1832 sua
640 1769 812 1834 excidisse
824 1767 986 1849 videtur3
1008 1780 1253 1852 argumentum
1274 1768 1370 1832 enim
1391 1765 1482 1831 idem

88 1903 211 1958 eontra
232 1891 348 1980 ipsum
372 1888 491 1955 afferri
512 1891 645 1978 possit,
678 1912 786 1979 quum
806 1891 962 1959 diversae
984 1889 1144 1956 Deorum
1171 1905 1276 1980 atque
1299 1893 1481 1957 hominum

82 2007 224 2102 linguae
247 2035 318 2078 ease
340 2012 517 2099 dieantur,
541 2027 583 2082 ut
604 2016 687 2081 inde
707 2015 953 2082 similitudinis
966 2017 1113 2103 ‘signum
1137 2016 1201 2079 vix
1224 2027 1345 2102 petere
1361 2019 1483 2105 possis.

82 2140 216 2206 >Aliam
234 2131 339 2203 etiam
363 2108 695 2226 interpretationem
717 2140 888 2228 proponit
917 2140 970 2205 K..
984 2150 1104 2203 noster
1126 2144 1175 2226 ἰῆς
1194 2148 1312 2227 μίμημα
1333 2160 1401 2229 pro
1423 2128 1485 2228 n'p'e,

82 2275 122 2329 ut
142 2264 197 2329 nil
218 2263 288 2327 nisi
306 2263 494 2329 hominum
514 2285 589 2329 vox
611 2261 802 2328 indicetur:
826 2282 913 2349 quae
930 2263 1102 2328 sententia
1121 2263 1163 2326 ad
1180 2263 1274 2330 idem
1291 2261 1364 2327 fere
1379 2263 1484 2346 redit,

82 2390 151 2455 nisi
175 2389 269 2455 vocis
290 2386 587 2474 significationem
608 2389 652 2453 ad
674 2386 765 2453 illud
789 2383 982 2472 amiopssioo
1002 2389 1194 2472 trahimus,
1224 2387 1262 2453 id
1281 2393 1380 2472 quod*
1398 2389 1484 2452 smi-

82 2534 142 2579 cus
164 2515 307 2601 quidam
329 2513 530 2601 proposuit.
573 2514 625 2578 Ita
646 2534 753 2597 vero,
783 2509 866 2598 quid
889 2510 1043 2576 imitatio
1065 2511 1133 2576 sibi
1164 2509 1263 2594 velit,
1295 2530 1365 2575 non
1388 2511 1483 2577 vide·

81 2661 171 2704 mus.
214 2638 375 2725 Utraque
390 2637 543 2720 ratione,
564 2653 669 2722 quam
685 2635 814 2700 K-o
829 2634 1006 2722 debemus,
1028 2654 1100 2702 vox
1122 2635 1176 2699 vel
1201 2635 1320 2721 lingua
1343 2634 1483 2722 signum

84 2761 332 2828 similitudinis
353 2771 461 2843 esset3
482 2758 716 2848 partieipium
738 2755 834 2822 enim
855 2753 1002 2844 λάχοντες
1022 2770 1082 2826 aut
1106 2777 1244 2822 oausam
1264 2759 1408 2837 indicet,
1424 2772 1484 2825 aut

78 2886 287 2953 seutentiam
307 2885 432 2951 dilatet
451 2902 591 2948 neeesse
612 2892 681 2967 ast,
697 2881 789 2948 illud
810 2905 922 2972 quum
944 2904 1021 2950 mea
1043 2883 1185 2971 quidem
1205 2885 1379 2950 sententia
1402 2885 1480 2952 fieri

77 3034 151 3078 non
177 3009 304 3100 possit,
339 3012 413 3091 hoo
437 3007 554 3097 potius
577 3007 797 3097 amplector,
828 3013 925 3098 cujus
946 3032 1047 3077 causa
1066 3008 1282 3078 Ahlwardtii
1303 3009 1483 3095 conjectu·

77 3158 153 3202 ram
193 3146 292 3201 antea
323 3133 472 3222 probavi
507 3143 542 3198 et
570 3130 767 3198 Gedikium
796 3136 965 3221 laudavi,
995 3136 1204 3202 sententiam
1234 3135 1329 3203 enim
1349 3133 1480 3203 fortem

79 3264 183 3349 potita
204 3270 324 3325 noster
353 3257 572 3348 amplificare
591 3259 682 3324 solet
712 3255 756 3327 of.
776 3281 810 3327 v.
825 3271 859 3335 6.
888 3256 1083 3347 sumposion
1104 3268 1139 3324 et
1160 3259 1272 3341 ἀείσω,
1306 3287 1341 3328 σε
1371 3274 1405 3328 et
1426 3259 1481 3331 oio

75 3381 208 3469 asciam
242 3385 294 3449 sie
322 3385 449 3467 etiam,
484 3403 572 3469 quae
601 3409 637 3452 v.
669 3397 718 3458 15.
748 3383 842 3450 dieta
871 3399 973 3472 aunt,
1016 3385 1095 3451 aliis
1138 3386 1254 3452 verbis
1296 3409 1321 3450 v
1351 3393 1400 3455 16.
1427 3407 1481 3451 re·

76 3505 266 3597 petuntur,
285 3510 407 3575 eodem
428 3507 535 3574 modo
558 3507 748 3575 cohaerent
769 3529 802 3574 r.
820 3521 871 3583 18·
893 3522 929 3577 et
951 3526 1002 3591 19.
1023 3522 1206 3599 praeterea
1229 3522 1283 3595 11,
1304 3520 1346 3582 13
1370 3521 1405 3573 et
1426 3520 1479 3582 11.

78 3644 145 3700 oto.
190 3633 241 3698 At
263 3634 478 3700 Ahiwardtii
499 3634 754 3720 conjecturam,
776 3650 882 3701 versu
893 3636 1078 3725 Euripidis
1099 3633 1231 3723 (lphig.
1252 3632 1481 3718 Tauntooea)

75 3779 146 3822 non
163 3758 248 3824 satis
263 3757 606 3850 firmatam,propter
617 3764 981 3850 tautologismrursus
994 3765 1129 3829 misaam
1143 3761 1224 3849 ieci,
1234 3778 1343 3848 quum
1353 3760 1480 3827 melior

79 3882 166 3948 mihi
198 3882 367 3948 affulsisse
399 3884 557 3951 videatur
585 3886 650 3951 lux
671 3886 840 3952 sesibenti
867 3885 976 3956 iiooai.
1031 3891 1123 3957 Nam
1152 3889 1357 3952 sententiani
1385 3885 1478 3953 satis.

1224 4016 1269 4085 3*
