4372 5782
657 454 884 525 ..3-

74 641 192 710 tuerit.
233 639 288 707 At
304 639 381 727 quis
397 638 557 724 Diogene
577 639 693 706 minus
710 638 861 729 diligens
877 647 912 705 et
927 607 1135 706 accuratus?
1179 640 1235 707 vel
1250 640 1304 706 fac
1325 665 1467 710 secure·

74 766 227 833 tissimus
256 763 376 845 fuerit,
406 762 505 828 cuius
535 764 626 830 liber
651 765 768 833 minus
788 765 926 852 integer
948 775 1000 829 est
1020 767 1203 853 servetus?
1247 765 1339 833 Nem
1361 778 1402 831 ut
1422 768 1466 834 de

72 889 196 956 ceteris
224 899 369 973 tensum,
397 909 442 953 ne
463 886 642 955 Cleanthis
668 888 811 975 quidem
838 887 983 976 scriptu,
1011 908 1161 975 quorum
1187 891 1299 956 inulte
1325 889 1467 958 aliunde

70 1014 172 1080 nobis
192 1013 439 1098 innotuerunt,
457 1012 677 1089 enumeravit
696 1012 1021 1096 cuncts(Mohnike
1041 1013 1066 1079 1.
1087 1014 1113 1081 1.
1132 1021 1281 1103 p.109.).
1302 1014 1466 1102 Accedit,

73 1137 166 1227 quod
185 1158 228 1204 ne
249 1138 319 1204 hoc
343 1136 485 1224 quidem
509 1154 579 1225 pro
600 1150 697 1205 certo
720 1137 886 1205 affirmari
905 1148 1036 1228 potest,
1064 1161 1083 1204 e
1103 1138 1264 1225 Diogene
1286 1139 1466 1208 Cleanthis

72 1263 246 1350 hymnum
275 1263 422 1329 omnino
451 1282 523 1327 esse
550 1263 850 1350 praetermissum,
879 1261 1050 1349 siquidem
1079 1263 1266 1350 nescimus,
1297 1277 1417 1333 utrum
1447 1289 1466 1333 e

69 1389 204 1454 meiere
226 1409 332 1475 opere
360 1388 407 1453 sit
426 1386 671 1476 depromptus,
700 1407 758 1472 sn,
789 1387 884 1472 qnod
913 1386 1004 1485 mihi
1033 1386 1176 1473 quidem
1204 1387 1268 1454 vix
1298 1388 1467 1457 credibile

70 1524 134 1598 est,
160 1513 257 1580 solus
284 1511 443 1579 effecerit
460 1498 633 1581 'libellum
661 1530 723 1575 sne
752 1507 989 1594 inscriptione
1019 1510 1239 1597 insignitum.
1281 1513 1467 1580 Praeterea

67 1637 159 1704 liber
180 1638 257 1724 ille,
274 1650 325 1703 'ex
347 1658 416 1724 quo
439 1633 565 1698 diserte
586 1654 606 1695 e
627 1631 807 1699 Clemente
819 1629 1068 1703 Alexandrino
1092 1638 1237 1718 (Strom.
1258 1661 1293 1725 p.
1315 1645 1391 1726 404,
1413 1641 1467 1706 ed.

67 1760 230 1849 Lugdun.
253 1767 352 1840 1616)
374 1758 436 1824 slii
457 1754 639 1823 Cleanthis
661 1772 782 1822 versure
802 1754 1009 1845 efferuntur,
1033 1784 1052 1826 a
1074 1761 1235 1851 Diogene
1256 1787 1330 1830 non
1351 1766 1468 1831 nomi·

66 1897 182 1953 netur.
236 1887 366 1954 Nonne
388 1904 434 1949 ex
454 1880 652 1978 hocetiem
672 1879 846 1965 hymnum
867 1887 1029 1943 nostrum
1052 1902 1071 1944 e
1093 1883 1242 1950 Stobseo
1265 1887 1324 1952 vel
1346 1886 1466 1970 abeo,

68 2032 173 2096 quem
194 2009 257 2075 ille
278 2017 420 2074 secutus
444 2014 508 2090 est,
535 2003 752 2092 descriptum
773 2022 846 2067 esse
867 2003 1100 2088 probabiliter
1120 1982 1320 2092 ponemus?
1348 2032 1406 2092 sn,
1435 2011 1467 2077 si

66 2135 145 2200 boc
157 2134 274 2198 minus
295 2133 424 2221 placet,
446 2151 466 2195 e
486 2129 581 2196 libro
602 2131 674 2217 περὶ
693 2130 791 2208 θεῶν,
813 2126 912 2192 cuius
926 2127 1092 2193 notitiam
1107 2121 1466 2216 scrvsvitDiogenes'l

65 2259 118 2323 At
146 2277 226 2321 cum
253 2255 395 2343 po'etice
424 2253 505 2338 ille,
543 2272 648 2337 quam
676 2250 836 2317 Clemens
864 2249 1004 2336 landet,
1034 2274 1108 2317 non
1135 2273 1190 2322 ers
1210 2251 1377 2340 poetice,
1406 2254 1467 2319 sed

66 2383 268 2470 po'e'mstum
290 2378 454 2447 collectio
475 2373 584 2443 fuisse
605 2374 778 2458 rideatur,
799 2374 860 2440 vel
880 2375 911 2438 si
934 2352 1001 2458 qne
1021 2372 1093 2439 fuit
1114 2386 1190 2458 ers,'
1204 2374 1289 2441 bsec
1311 2379 1466 2444 auctoris

66 2496 281 2574 carminibus
307 2506 418 2574 fuerit
443 2510 610 2593 pertexts
629 2520 768 2565 necesse
797 2496 861 2562 sit:
888 2517 1002 2582 neque
1022 2494 1214 2563 Mohnilrio
1241 2502 1276 2579 *)
1304 2502 1466 2569 assentiri

64 2633 183 2722 potui,
211 2639 330 2717 ποίημα
357 2631 429 2716 περὶ
448 2628 506 2693 τοῦ
525 2624 609 2690 θεοῦ
629 2621 842 2686 eClemente
865 2619 1011 2685 citatum
1032 2643 1106 2687 non
1127 2620 1304 2689 diversum
1323 2625 1468 2712 putenti

66 2754 199 2820 alibro
219 2755 302 2837 eresi
332 2751 437 2829 θεῶν,
479 2747 574 2811 inter
595 2742 777 2810 Cleanthis
806 2764 914 2831 opere
943 2766 963 2810 s
992 2743 1154 2830 Diogene
1182 2744 1310 2825 ullsto,
1353 2766 1467 2833 neque

67 2877 235 2964 Menegio
255 2878 320 2961 *,*),
350 2870 516 2962 poeticen
537 2869 631 2959 spud
644 2870 843 2957 Diogenem
863 2871 928 2936 sub
949 2869 1094 2937 nomine
1114 2872 1186 2957 περὶ
1205 2864 1337 2955 novisses
1357 2870 1467 2938 latere

65 3001 233 3084 censenti,
269 2998 342 3083 sed,
378 3007 419 3060 ut
460 3005 576 3060 cetere
617 2993 814 3082 fragments
840 2995 981 3084 po'e'tics
1016 2994 1161 3085 scripte,
1197 2995 1249 3061 ite
1290 2995 1466 3086 hymnum

66 3147 204 3215 quoque
231 3144 293 3190 sus
325 3119 531 3188 distinctum
562 3120 797 3210 inscriptione
825 3132 943 3210 partes
980 3119 1087 3189 fuisse
1119 3122 1281 3210 suspicor
1311 3122 1466 3212 po'e'tices

64 3254 178 3330 illius,
220 3271 289 3336 qus
324 3246 452 3335 poesin
475 3267 494 3311 e
515 3246 719 3315 Stoicorum
746 3258 862 3314 mente
891 3245 1091 3317 dialectices
1120 3256 1155 3312 et
1177 3246 1308 3317 ethices
1329 3246 1465 3334 legibus

66 3355 274 3448 obstrictum
295 3372 468 3460 exemplis
491 3371 734 3444 illustraverit

271 3496 410 3565 Deinde
445 3496 605 3565 Stoicum
642 3519 713 3564 esse
751 3497 917 3570 carminis
955 3506 1151 3564 auctorem¹
1168 3493 1313 3565 criticus
1344 3506 1465 3561 noster

63 3619 239 3705 concedit,
274 3619 436 3687 Stoicum
463 3644 549 3689 vero
579 3623 748 3711 opinetur
785 3623 895 3690 seculi
921 3621 1021 3691 tertii
1050 3621 1107 3690 vel
1137 3619 1254 3706 querti
1283 3642 1318 3707 p.
1347 3617 1386 3688 0.
1417 3621 1465 3689 N.

227 3794 257 3864 ⁴)
294 3792 326 3847 L.
345 3793 363 3849 1.
382 3810 410 3863 p.
430 3799 466 3850 50
485 3801 514 3849 et
531 3797 576 3851 96.

211 3887 258 3954 “)
296 3885 349 3940 Ad.
370 3885 455 3955 Diog.
475 3886 545 3944 vll.
567 3891 619 3942 176
637 3886 673 3943 os.
693 3886 891 3957 Mobn.p'.61
911 3892 942 3943 et
957 3891 1002 3943 m.
