4380 5812
740 1442 964 1551 croton
1009 1439 1302 1589 oronam
1344 1380 1460 1541 Sal·
1797 1402 1802 1413 ¹

395 1641 548 1762 Nolite
574 1679 731 1767 miratio
744 1680 875 1767 Cives,
903 1678 1119 1755 orationem
1150 1674 1564 1753 nostramdellectere
1579 1671 1807 1772 ‘paullisper
1831 1701 1834 1707 ·

398 1856 422 1902 a
446 1838 606 1930 recepta
631 1827 933 1917 cousuetudine,
965 1826 1136 1902 breviter
1161 1836 1206 1898 et·
1229 1825 1448 1899 summatim
1474 1822 1677 1899 indicendi
1692 1823 1807 1896 lutar-

394 2004 463 2054 ras
492 1978 700 2080 Gymnasii
718 2017 721 2021 ·
739 1977 928 2054 scholas·
977 1973 1129 2070 Major·
1147 1985 1209 2049 est
1242 1973 1345 2048 enim
1380 1995 1520 2047 rerum·
1548 1972 1805 2048 dicendarum

397 2126 525 2224 copia,
552 2152 672 2226 quam
686 2153 801 2228 ·quae
826 2127 980 2228 paucis,
1006 2125 1192 2212 utsolet,
1219 2121 1398 2221 expediri
1424 2119 1564 2218 possit

590 2277 718 2352 Anno·
745 2266 923 2353 vertente
947 2273 1056 2374 aquid
1085 2282 1303 2349 memoratu
1339 2269 1503 2369 dignum
1538 2274 1751 2363 creberin:
1774 2277 1808 2350 si

396 2427 592 2526 quaeritis,
626 2427 700 2503 suit
723 2427 804 2504 ille·
817 2426 983 2526 quidem
1005 2422 1209 2502 laetabilis·
1228 2419 1453 2518 frequentia
1464 2422 1712 2540 ¹<discentium
1742 2450 1806 2507 eo-

398 2601 560 2674 rumque
593 2577 755 2662 studiis‚
795 2577 869 2650 sed
900 2577 1123 2649 luctuosus·
1136 2571 1250 2665 idem
1281 2570 1489 2648 immatura
1519 2584 1644 2653 mbrte
1669 2578 1718 2654 V.
1745 2581 1807 2656 cl.

400 2724 643 2810 Hartmaam',
674 2723 937 2801 Historiarum
956 2718 1396 2801 ProfessorisPublici.
1441 2723 1582 2802 Multis
1599 2726 1667 2803 ille
1684 2730 1806 2804 nomi-

400 2875 516 2949 nibus
534 2874 733 2973 lugendus
744 2872 911 2959 occidit,
939 2896 1119 2948 curarum
1135 2877 1357 2964 nostrarum
1375 2873 1510 2951 sociiis
1537 2886 1576 2954 et
1596 2877 1814 2963 acerrimus,

402 3023 611 3119 Gymnasii-
625 3023 786 3099 vindex.
831 3022 1174 3109 Sancte-nolitote,
1200 3019 1333 3110 Ciues¹
1352 3024 1454 3100 talis·
1474 3025 1544 3100 viri
1562 3029 1809 3118 memoriam·

403 3199 483 3272 quo
508 3174 704 3249 neminem
729 3173 848 3249 facile
883 3171 1107 3248 inveneritis
1143 3197 1272 3272 neque
1297 3173 1657 3252 benevolentiorem
1685 3179 1726 3252 in
1752 3181 1809 3254 di-

402 3309 596 3421 scipulos,
634 3349 764 3422 neque
789 3323 1022 3421 paratiorem
1055 3321 1106 3396 ad
1125 3346 1250 3399 omne
1273 3348 1397 3420 genus
1422 3325 1553 3404 officii.
1611 3326 1714 3404 Suos
1739 3330 1808 3404 im·

402 3473 523 3549 buere
550 3473 703 3550 studuit
726 3472 992 3549 saluberrimis
1019 3472 1234 3559 doctrinae,
1261 3492 1385 3572 quam·
1402 3477 1668 3575 profitebatur,
1698 3501 1810 3576 prae*-

406 3624 552 3719 cepti's:
581 3624 761 3701 omnibus
779 3624 1128 3724 praeivit'unicum
1153 3623 1245 3700 fidei
1273 3625 1493 3723 et-pietatis
1520 3630 1757 3728 exemplum.
1807 3650 1811 3659 ·

601 3771 812 3851 Exstincto
838 3774 927 3862 illo,
964 3775 1269 3877 Magistratuam
1303 3779 1507 3852 uaeramus
1536 3775 1592 3852 ita
1617 3780 1811 3854 succurrit

400 3923 519 3997 rebus
540 3923 759 4021 Gymnasii,
785 3937 829 4002 ut
846 3928 1010 4002 dubium
1027 3927 1090 4016 sit,
1117 3927 1242 4024 magis
1262 3925 1443 4002 miremur
1461 3927 1654 4026 prolixam
1673 3923 1806 4005 eorum
1911 4012 1913 4017 ,
