4380 5812
968 435 1218 511 ..25-

403 622 651 711 obtorpescere
678 620 771 685 enim
799 617 948 686 horrore
978 643 1051 687 uon
1076 632 1246 709 possunt,
1287 603 1358 686 nisi
1386 641 1474 708 quae
1502 642 1605 688 sensu
1634 623 1792 711 praedita

399 759 494 832 suut,
517 745 553 811 id
574 747 666 833 quod
688 744 837 833 proprie
860 746 903 811 de
923 745 1134 813 animalibus
1155 756 1294 812 tantum
1315 747 1421 834 valet,
1453 747 1494 812 ad
1516 749 1654 837 plantas
1676 760 1793 817 tamen

399 875 555 962 apo'eta
582 870 770 937 transferri
796 881 921 958 potest.
985 871 1068 938 Hoc
1094 882 1210 938 autam
1232 871 1477 957 obtorpescere
1505 872 1583 962 ipso
1606 871 1790 962 rhythmo,

399 998 593 1084 spondeum
615 997 654 1062 iu
677 996 803 1084 quinto
832 996 920 1084 pede
941 995 1161 1081 admittente,
1184 1017 1389 1082 expressum
1410 1010 1483 1085 cst,
1507 997 1601 1086 quod
1623 998 1791 1066 vertendo

400 1121 557 1188 imitatus
579 1142 669 1190 sum.
1430 1204 1448 1231 Ἀ

606 1245 652 1317 V.
676 1255 810 1320 12-14
852 1245 929 1311 Jam
950 1244 1192 1336 disertepoe'ta
1212 1244 1406 1334 eloquitur,
1427 1237 1562 1313 fulmen
1585 1272 1657 1314 non
1671 1250 1795 1317 'diver-

402 1391 479 1435 sum
492 1389 574 1436 iesse
596 1370 638 1436 ab
659 1370 742 1456 igne
763 1370 828 1436 illo
851 1371 971 1454 tenui,
1000 1392 1070 1456 quo
1092 1373 1185 1436 ratio
1209 1372 1406 1438 communis
1428 1385 1570 1460 regatur
1592 1395 1656 1461 par
1679 1368 1794 1442 totum

400 1493 570 1559 mundum
599 1496 790 1583 pertinens.
847 1493 1069 1561 Vocabulum
1089 1492 1276 1563 αατευθάνω
1298 1519 1370 1564 nou
1391 1493 1537 1585 regendi
1559 1509 1697 1565 tantum
1718 1501 1792 1567 vim

398 1620 570 1705 continet,
605 1618 664 1683 aed
689 1619 795 1684 simul
817 1618 991 1704 justitiam
1022 1630 1056 1684 et
1085 1621 1318 1686 constantiam
1347 1623 1614 1712 complectitur,
1644 1627 1792 1714 propria

401 1742 496 1808 enim
519 1743 594 1808 eius
616 1744 671 1809 vis
692 1753 743 1807 est
764 1742 807 1808 ad
828 1754 959 1809 rectam
990 1743 1119 1809 lincam
1147 1744 1312 1830 dirigere.
1353 1749 1459 1815 Ratio
1488 1751 1552 1815 illu
1584 1752 1792 1834 communis,

403 1868 501 1933 cuius
528 1868 587 1933 hic
608 1869 744 1934 mantio
765 1866 827 1952 fit,
858 1887 903 1930 ex
924 1867 1050 1932 intima
1071 1866 1190 1934 Stoica
1213 1867 1444 1956 philosophia
1465 1870 1687 1962 deprompta,
1715 1875 1793 1943 bre·

397 1993 491 2061 viter
518 2004 554 2058 at
574 1994 658 2058 satis
680 1990 879 2057 luculenter
899 2013 919 2056 a
937 1990 1348 2081 Plutarchoaxplicatur
1368 1991 1410 2057 dc
1425 1994 1532 2063 Stoic.
1555 2018 1677 2084 repug.
1698 2023 1729 2065 c.
1750 2010 1793 2076 321
1862 1995 1865 1998 ⁴

397 2111 527 2202 dardi]
555 2111 643 2204 κοινά]
677 2113 770 2201 φάσις
803 2119 858 2183 καὶ
893 2118 911 2182 ὃ
943 2112 1079 2194 κοινάς
1116 2121 1183 2204 τῆς
1210 2114 1363 2201 φάσεως
1395 2115 1510 2204 λόγος
1542 2125 1706 2209 εἱμαρμένη
1738 2129 1792 2190 καὶ

396 2236 527 2328 πράνοια
554 2246 609 2309 ναὶ
629 2239 705 2320 Zeila
725 2248 825 2320 darn,
855 2278 898 2292 -
918 2244 1077 2326 πανταχοῦ
1096 2240 1285 2328 &pullatos
1309 2241 1361 2308 ὑπ’
1384 2242 1496 2310 αὐτῶν.
1539 2243 1604 2309 Sed
1636 2267 1690 2310 res
1719 2244 1793 2313 ior·

399 2378 488 2432 tasse
508 2365 641 2433 fusiora
662 2378 741 2454 eget
770 2366 1084 2454 interpretatione,
1116 2367 1198 2432 Hoc
1228 2375 1322 2430 certa
1351 2364 1699 2435 animadvertendum
1726 2385 1791 2457 eat,

397 2492 488 2556 hauc
513 2491 558 2556 de
586 2492 766 2556 communi
795 2489 1163 2556 ratione-doctrinam
1195 2489 1237 2553 ab
1260 2488 1443 2554 Heraclito
1466 2512 1538 2557 esse
1559 2492 1790 2585 desumptam,

401 2636 502 2679 sensu
516 2672 518 2676 .
531 2613 672 2701 quidem
698 2614 865 2689 nonnihil
892 2625 1039 2683 mutato.
1088 2611 1142 2680 Cf.
1163 2612 1477 2681 Schlciermacheri
1499 2614 1731 2707 scriptionem
1753 2624 1792 2688 in

397 2739 524 2805 Museo
547 2739 747 2804 litterarum
770 2740 879 2826 antiq.
901 2742 930 2813 Ι,
948 2753 981 2814 3.
1000 2761 1036 2827 p.
1059 2745 1125 2812 424
1145 2748 1181 2804 et
1199 2747 1263 2815 476
1284 2749 1348 2809 etc.
1369 2738 1494 2827 fragm.
1515 2753 1557 2818 47
1579 2713 1643 2810 etc.
1700 2747 1792 2813 Stoi·

400 2887 476 2932 cam
497 2865 540 2930 de
561 2865 639 2932 Deo
669 2865 879 2930 sententim
906 2864 994 2929 bene
1021 2862 1203 2930 adumbrat
1223 2863 1399 2931 Iohannes
1422 2867 1589 2934 Stobaeus
1610 2869 1686 2936 Ecl.
1706 2874 1734 2944 1.
1756 2890 1788 2950 3.

392 3006 446 3070 28.
467 3014 503 3080 p.
526 2998 579 3063 64.
634 2996 675 3057 Ol
701 2994 833 3058 Στωϊκοὶ
853 2983 960 3077 sospita
979 2985 1061 3055 asts
1080 2989 1308 3072 duoprimas
1327 2990 1390 3075 πῦρ
1410 2986 1556 3077 reparatis,
1582 2991 1647 3075 ὁδῷ
1665 2995 1791 3082 βαδίζω

399 3119 453 3184 ἐπὶ
472 3120 590 3202 γένεσιν
610 3110 737 3200 νάομοο,
764 3106 997 3203 ἕμπορτεάαρφάς
1016 3110 1136 3190 πάντας
1161 3106 1239 3192 τοὺς
1255 3107 1478 3201 σπερματικοὺς
1496 3110 1619 3203 λάγους,
1636 3119 1713 3185 καθ’
1736 3120 1790 3200 οὓς

399 3232 524 3306 diuum
545 3239 621 3306 καθ’
646 3243 829 3326 εἱμαρμένην
849 3245 976 3324 γίνεται,
995 3241 1047 3304 καὶ
1067 3239 1188 3322 πνεῦμα
1208 3236 1264 3322 μὲν
1284 3245 1319 3305 ἓν
1339 3238 1445 3323 διῆκον
1466 3239 1500 3306 dl
1509 3236 1584 3309 ὅλου
1594 3246 1650 3310 τοῦ
1663 3239 1790 3329 νάσμου,

394 3359 498 3440 triadi
514 3370 717 3451 προςηγορίας
731 3359 966 3450 μεταλαμβάνον
979 3355 1032 3428 διά
1044 3355 1100 3438 τάς
1113 3365 1168 3445 τῆς
1180 3352 1269 3447 άλπς,
1279 3359 1316 3427 da'
1331 3351 1369 3448 ἧς
1381 3359 1551 3451 κεχάρηντο,
1568 3363 1788 3454 παραλλάξεις·

394 3481 494 3564 θεοὺς
522 3485 555 3553 δὲ
579 3490 632 3557 καὶ
658 3482 715 3554 τὸν
733 3482 849 3571 νάομον
874 3481 1018 3564 καὶτοὺς
1037 3485 1169 3574 dordone
1189 3490 1241 3553 καὶ
1261 3480 1319 3572 τὴν
1341 3488 1410 3571 γῆν
1440 3483 1588 3554 ἀνωτάτω
1610 3486 1644 3554 δὲ
1667 3485 1791 3558 πάντων

393 3612 472 3676 τοῦν
499 3614 676 3700 trentham
689 3660 693 3666 -
708 3611 790 3681 εἶναι
816 3607 906 3680 θεάν.
955 3610 1031 3677 Etsi
1067 3611 1152 3677 haec
1184 3610 1462 3699 echrysippeiq
1490 3613 1671 3701 desumpta
1705 3636 1789 3700 essa,

394 3755 441 3801 ex
471 3733 608 3799 ultimis
638 3735 753 3802 verbis
783 3736 1015 3825 intelligitur,
1044 3755 1126 3802 cum
1155 3735 1378 3825 Chrysippus
1407 3747 1442 3802 et
1457 3735 1665 3827 ‘Antipater
1697 3761 1789 3805 aum·

393 3880 492 3924 mum
521 3859 870 3928 Deum·-in'aethere
897 3863 1099 3950 posuerint,
1130 3882 1175 3937 ex
1214 3860 1338 3942 eodem
1373 3872 1488 3927 tamen
1518 3860 1612 3945 loco,
1641 3865 1681 3929 in
1712 3863 1790 3928 uui·

1561 3996 1583 4062 4
