4380 5812
1286 434 1539 509 ...40-

924 622 1050 689 Eadem
1071 621 1155 687 liora
1175 619 1311 687 dierum
1333 623 1427 689 Joois
1461 636 1497 691 et
1524 623 1658 693 Veseris
1689 623 1921 689 constitutum
1951 634 2023 709 est,
2052 647 2121 712 pu·

716 749 807 814 blica
828 746 964 813 tradere
987 748 1174 817 Matheseos
1194 749 1382 836 applicatae
1398 760 1519 837 partes
1540 750 1758 828 mechanicas,
1794 769 1943 837 querum
1970 749 2118 815 uomina

717 875 752 939 lr.
773 874 798 940 l.
822 873 945 940 efferre
966 875 1020 941 nil
1041 873 1176 942 attinet.
1218 875 1295 940 Hac
1317 876 1354 940 iu
1376 899 1414 942 re
1436 878 1487 942 ita
1507 875 1685 961 versabor,
1707 885 1748 941 ut
1764 875 1908 960 primum
1928 871 1969 937 de
1992 897 2121 964 corpo·

717 999 816 1063 ribus
839 998 877 1063 in
898 1022 1039 1085 genere,
1060 1021 1252 1087 eorumque
1273 999 1452 1066 attributis
1474 1012 1508 1066 et
1528 1000 1660 1067 viribus
1676 1012 1753 1065 tum
1767 998 1925 1088 physicis
1948 1010 2026 1064 tum
2040 1000 2122 1067 che·

717 1123 820 1187 micis
840 1123 1027 1210 disseram3
1059 1125 1174 1191 deinde
1201 1126 1242 1191 de
1272 1125 1484 1212 aequilibrio
1506 1135 1675 1211 motuque
1698 1149 1889 1215 corporum
1910 1124 2121 1211 solidorum,

718 1246 938 1335 liquidorum
960 1259 996 1314 et
1017 1250 1279 1335 a'e‘rilormium3
1311 1259 1478 1337 postremo
1507 1251 1549 1316 de
1572 1250 1706 1316 viribus
1728 1251 1902 1317 electricis
1923 1260 1959 1315 et
1978 1272 2123 1337 magne·

718 1373 810 1438 ticis.
854 1374 954 1458 „Has
969 1374 1160 1460 doctrines,
1182 1374 1325 1462 scripsit
1350 1368 1437 1440 olim
1458 1376 1494 1442 J.
1509 1375 1555 1442 A.
1571 1378 1619 1442 Η.
1637 1379 1822 1454 Reimarus,
1846 1375 2034 1465 Gymnasii
2054 1376 2123 1440 im-

719 1497 868 1563 mortale
890 1499 1006 1581 decus,
1027 1511 1147 1565 nostre
1170 1512 1281 1566 aetate
1302 1499 1411 1565 factas
1433 1523 1504 1567 esse
1526 1512 1597 1566 tam
1611 1500 1814 1589 populares,
1836 1512 1876 1564 ut
1899 1500 1954 1565 vel
1975 1501 2123 1567 mulier·

721 1622 810 1687 culis
832 1623 1032 1708 arrideant,
1061 1623 1310 1709 literarumque
1331 1623 1499 1689 studiosis
1520 1647 1640 1692 earum
1663 1626 1842 1712 ignoratio
1863 1646 1999 1690 summo
2019 1623 2123 1690 slede·

722 1747 796 1812 cori
808 1748 889 1812 sit.“
914 1747 1067 1813 Gravius
1081 1748 1174 1812 cives
1186 1746 1409 1812 monerinon
1420 1759 1580 1835 possunt,
1602 1750 1686 1835 quid
1709 1750 1835 1839 cuique
1849 1748 2048 1816 faciendum
2064 1750 2123 1818 sit.

932 1873 1129 1963 Supersunt
1159 1872 1246 1937 duae
1274 1872 1384 1938 horae
1413 1871 1552 1937 dierum
1583 1874 1746 1941 Mercurii
1774 1888 1806 1941 et
1839 1878 1996 1953 Satumi,
2032 1897 2123 1962 quae

723 1999 915 2065 destinatae
944 2009 1028 2064 sunt
1061 1998 1291 2088 Geopraplsiae
1318 1998 1584 2078 mathematicae,
1631 1999 1673 2067 de
1710 2023 1778 2087 qua
1814 2022 1916 2092 supra
1951 1998 2123 2066 diximus.

722 2126 903 2193 Diurnum
916 2124 1191 2193 autemdocendi
1208 2137 1346 2213 tempus
1367 2124 1557 2212 tritusque
1580 2125 1767 2214 incertum,
1789 2125 1872 2193 dum
1884 2125 2010 2210 sciero,
2034 2122 2124 2208 quid

724 2263 760 2318 at
780 2265 886 2340 quota
907 2254 995 2319 hore
1017 2249 1190 2338 agendum
1212 2248 1259 2314 sit
1281 2249 1319 2314 in
1338 2250 1506 2317 loanneo.

725 2722 921 2808 loannes
952 2666 1227 2805 Christianus
1257 2717 1482 2834 Angustus
1503 2717 1771 2814 Grohmann,
1803 2716 1884 2798 Dr.
1905 2732 1943 2796 et
1965 2715 2126 2798 Philas.

1016 2872 1246 2956 theoreticae
1275 2889 1313 2955 et
1341 2871 1598 2982 Eloquentiae
1628 2869 1746 2978 Praf.
1777 2867 1830 2949 P.

724 3043 881 3161 Aestivi
900 3082 1074 3153 semestris
1094 3081 1306 3150 lectionibus

933 3210 1068 3275 tradam
1089 3208 1123 3273 d.
1145 3205 1208 3274 lv.
1229 3207 1265 3273 h.
1285 3201 1428 3273 Χ-ΧῙ
1448 3204 1590 3292 lapitas
1611 3214 1647 3267 et
1667 3202 1926 3292 Metaplsyeicea,

1090 3340 1123 3408 d.
1143 3338 1188 3407 ΙΙ.
1216 3335 1251 3402 h.
1273 3331 1415 3401 X-Xl
1440 3329 1681 3417 Philosophiam
1687 3333 1874 3434 practicam
1885 3331 2082 3418 peaeralesm

726 3466 878 3535 Hiberni
897 3466 1071 3537 semestris
1092 3461 1302 3531 lectionibus
1426 3480 1428 3485 ⁴

1090 3591 1123 3659 d.
1144 3589 1205 3663 1v.
1226 3588 1262 3653 h.
1282 3583 1418 3654 x-xl
1437 3580 1647 3650 Aestleeticers
1668 3592 1699 3647 et
1712 3585 1772 3666 jus
1795 3592 1947 3657 naturae,

1089 3716 1122 3785 e.
1148 3715 1193 3782 n
1223 3714 1259 3782 h.
1287 3710 1421 3782 x-x1
1442 3688 1700 3797 rectoreque.

1295 3941 1550 3974 ..ι-ι..-
